{"schema_version":1,"source":"clob_ws_market","recv_ts_ns":1768250236212098409,"event_type":"price_change","market":"0xe51aa24ab1bbfefce466d642ad98587d13123e4ef95ec9aa73b712e775d4cbba","server_ts_ms":1768250236164,"raw":{"market":"0xe51aa24ab1bbfefce466d642ad98587d13123e4ef95ec9aa73b712e775d4cbba","price_changes":[{"asset_id":"54232589582260339592359130012520874109228367674780084862642636038394766871668","price":"0.04","size":"425.9","side":"BUY","hash":"6fe6ed50b5071b49c9807f862eed7d11a1364130","best_bid":"0.05","best_ask":"0.06"},{"asset_id":"96886111393998001968863279421729456597655847484197549086072988901191634450924","price":"0.96","size":"425.9","side":"SELL","hash":"7a7b6a142ac307a0181c3ec669b8e93a688df16d","best_bid":"0.94","best_ask":"0.95"}],"timestamp":"1768250236164","event_type":"price_change"}}
{"schema_version":1,"source":"clob_ws_market","recv_ts_ns":1768250236229552110,"event_type":"price_change","market":"0xe51aa24ab1bbfefce466d642ad98587d13123e4ef95ec9aa73b712e775d4cbba","server_ts_ms":1768250236174,"raw":{"market":"0xe51aa24ab1bbfefce466d642ad98587d13123e4ef95ec9aa73b712e775d4cbba","price_changes":[{"asset_id":"96886111393998001968863279421729456597655847484197549086072988901191634450924","price":"0.95","size":"1647.07","side":"SELL","hash":"4bf46b0081d02aa299131f11620237a2b06a9bba","best_bid":"0.94","best_ask":"0.95"},{"asset_id":"54232589582260339592359130012520874109228367674780084862642636038394766871668","price":"0.05","size":"1647.07","side":"BUY","hash":"3ed9c3f7c4d2d6af42c61b368f894f23b4092c3b","best_bid":"0.05","best_ask":"0.06"}],"timestamp":"1768250236174","event_type":"price_change"}}
{"schema_version":1,"source":"clob_ws_market","recv_ts_ns":1768250236244384142,"event_type":"price_change","market":"0xe51aa24ab1bbfefce466d642ad98587d13123e4ef95ec9aa73b712e775d4cbba","server_ts_ms":1768250236175,"raw":{"market":"0xe51aa24ab1bbfefce466d642ad98587d13123e4ef95ec9aa73b712e775d4cbba","price_changes":[{"asset_id":"54232589582260339592359130012520874109228367674780084862642636038394766871668","price":"0.04","size":"401.9","side":"BUY","hash":"205eac9e99d1dbc7bb6ecd88d7110d4fdf6f5a9f","best_bid":"0.05","best_ask":"0.06"},{"asset_id":"96886111393998001968863279421729456597655847484197549086072988901191634450924","price":"0.96","size":"401.9","side":"SELL","hash":"1ec88e207cf3efec89afc71783ac30cdb4ffb5f5","best_bid":"0.94","best_ask":"0.95"}],"timestamp":"1768250236175","event_type":"price_change"}}
{"schema_version":1,"source":"clob_ws_market","recv_ts_ns":1768250236249777239,"event_type":"price_change","market":"0xe51aa24ab1bbfefce466d642ad98587d13123e4ef95ec9aa73b712e775d4cbba","server_ts_ms":1768250236175,"raw":{"market":"0xe51aa24ab1bbfefce466d642ad98587d13123e4ef95ec9aa73b712e775d4cbba","price_changes":[{"asset_id":"96886111393998001968863279421729456597655847484197549086072988901191634450924","price":"0.96","size":"389.9","side":"SELL","hash":"c882bd8313e75282c0dbb6d7e1dc9c0d90350706","best_bid":"0.94","best_ask":"0.95"},{"asset_id":"54232589582260339592359130012520874109228367674780084862642636038394766871668","price":"0.04","size":"389.9","side":"BUY","hash":"1e92c60ff4607d228d6e6aa725e4a7fbb871f017","best_bid":"0.05","best_ask":"0.06"}],"timestamp":"1768250236175","event_type":"price_change"}}
{"schema_version":1,"source":"clob_ws_market","recv_ts_ns":1768250236256672984,"event_type":"price_change","market":"0xe51aa24ab1bbfefce466d642ad98587d13123e4ef95ec9aa73b712e775d4cbba","server_ts_ms":1768250236176,"raw":{"market":"0xe51aa24ab1bbfefce466d642ad98587d13123e4ef95ec9aa73b712e775d4cbba","price_changes":[{"asset_id":"54232589582260339592359130012520874109228367674780084862642636038394766871668","price":"0.04","size":"373.9","side":"BUY","hash":"d5c1b20ca5f6cae68a45b3000f4594acea6bc0c7","best_bid":"0.05","best_ask":"0.06"},{"asset_id":"96886111393998001968863279421729456597655847484197549086072988901191634450924","price":"0.96","size":"373.9","side":"SELL","hash":"26c521336fe37e8e03448a8ee19aa839f2842582","best_bid":"0.94","best_ask":"0.95"}],"timestamp":"1768250236176","event_type":"price_change"}}
{"schema_version":1,"source":"clob_ws_market","recv_ts_ns":1768250236263989007,"event_type":"price_change","market":"0xe51aa24ab1bbfefce466d642ad98587d13123e4ef95ec9aa73b712e775d4cbba","server_ts_ms":1768250236177,"raw":{"market":"0xe51aa24ab1bbfefce466d642ad98587d13123e4ef95ec9aa73b712e775d4cbba","price_changes":[{"asset_id":"96886111393998001968863279421729456597655847484197549086072988901191634450924","price":"0.93","size":"1604.82","side":"BUY","hash":"0e04c31353c58869aa3e0834c4025ada5138f028","best_bid":"0.94","best_ask":"0.95"},{"asset_id":"54232589582260339592359130012520874109228367674780084862642636038394766871668","price":"0.07","size":"1604.82","side":"SELL","hash":"4f39560ea45c1b9eb571bdb0dadaa677ab2b974e","best_bid":"0.05","best_ask":"0.06"}],"timestamp":"1768250236177","event_type":"price_change"}}
{"schema_version":1,"source":"clob_ws_market","recv_ts_ns":1768250236266438197,"event_type":"price_change","market":"0xe51aa24ab1bbfefce466d642ad98587d13123e4ef95ec9aa73b712e775d4cbba","server_ts_ms":1768250236179,"raw":{"market":"0xe51aa24ab1bbfefce466d642ad98587d13123e4ef95ec9aa73b712e775d4cbba","price_changes":[{"asset_id":"54232589582260339592359130012520874109228367674780084862642636038394766871668","price":"0.05","size":"1632.07","side":"BUY","hash":"6e20b70291ec21bfbd181201a75522fa39e62a13","best_bid":"0.05","best_ask":"0.06"},{"asset_id":"96886111393998001968863279421729456597655847484197549086072988901191634450924","price":"0.95","size":"1632.07","side":"SELL","hash":"10e7a638c5bc70c4f03775619313ac6da175eb7e","best_bid":"0.94","best_ask":"0.95"}],"timestamp":"1768250236179","event_type":"price_change"}}
{"schema_version":1,"source":"clob_ws_market","recv_ts_ns":1768250236268413001,"event_type":"price_change","market":"0xe51aa24ab1bbfefce466d642ad98587d13123e4ef95ec9aa73b712e775d4cbba","server_ts_ms":1768250236179,"raw":{"market":"0xe51aa24ab1bbfefce466d642ad98587d13123e4ef95ec9aa73b712e775d4cbba","price_changes":[{"asset_id":"96886111393998001968863279421729456597655847484197549086072988901191634450924","price":"0.01","size":"24280.24","side":"BUY","hash":"0734530ed2cbd11849d910b33fda3e742945e4a1","best_bid":"0.94","best_ask":"0.95"},{"asset_id":"54232589582260339592359130012520874109228367674780084862642636038394766871668","price":"0.99","size":"24280.24","side":"SELL","hash":"3c18a084b21d6b1f0fd454600522ae839d2561dd","best_bid":"0.05","best_ask":"0.06"}],"timestamp":"1768250236179","event_type":"price_change"}}
{"schema_version":1,"source":"clob_ws_market","recv_ts_ns":1768250236270110651,"event_type":"price_change","market":"0xe51aa24ab1bbfefce466d642ad98587d13123e4ef95ec9aa73b712e775d4cbba","server_ts_ms":1768250236180,"raw":{"market":"0xe51aa24ab1bbfefce466d642ad98587d13123e4ef95ec9aa73b712e775d4cbba","price_changes":[{"asset_id":"54232589582260339592359130012520874109228367674780084862642636038394766871668","price":"0.04","size":"357.9","side":"BUY","hash":"99626d1092c7c115d05ae59c997f41b30779ace4","best_bid":"0.05","best_ask":"0.06"},{"asset_id":"96886111393998001968863279421729456597655847484197549086072988901191634450924","price":"0.96","size":"357.9","side":"SELL","hash":"5793b24c60fb4b4c805ff65b16f948c335ce0d7a","best_bid":"0.94","best_ask":"0.95"}],"timestamp":"1768250236180","event_type":"price_change"}}
{"schema_version":1,"source":"clob_ws_market","recv_ts_ns":1768250236271958668,"event_type":"price_change","market":"0xe51aa24ab1bbfefce466d642ad98587d13123e4ef95ec9aa73b712e775d4cbba","server_ts_ms":1768250236180,"raw":{"market":"0xe51aa24ab1bbfefce466d642ad98587d13123e4ef95ec9aa73b712e775d4cbba","price_changes":[{"asset_id":"54232589582260339592359130012520874109228367674780084862642636038394766871668","price":"0.05","size":"1602.07","side":"BUY","hash":"4f62ae73f7fa195bfd6d76af1c1ffbd062879ab2","best_bid":"0.05","best_ask":"0.06"},{"asset_id":"96886111393998001968863279421729456597655847484197549086072988901191634450924","price":"0.95","size":"1602.07","side":"SELL","hash":"f8f7c0db0e33ea425c8f252cd7510bda0c3b23ad","best_bid":"0.94","best_ask":"0.95"}],"timestamp":"1768250236180","event_type":"price_change"}}
{"schema_version":1,"source":"clob_ws_market","recv_ts_ns":1768250236275988280,"event_type":"price_change","market":"0xe51aa24ab1bbfefce466d642ad98587d13123e4ef95ec9aa73b712e775d4cbba","server_ts_ms":1768250236182,"raw":{"market":"0xe51aa24ab1bbfefce466d642ad98587d13123e4ef95ec9aa73b712e775d4cbba","price_changes":[{"asset_id":"96886111393998001968863279421729456597655847484197549086072988901191634450924","price":"0.93","size":"1588.82","side":"BUY","hash":"617b024c1205651dacf24b422cc7da15c3467ff9","best_bid":"0.94","best_ask":"0.95"},{"asset_id":"54232589582260339592359130012520874109228367674780084862642636038394766871668","price":"0.07","size":"1588.82","side":"SELL","hash":"d606483b8136446da593c12f83f6f0bc00ab4623","best_bid":"0.05","best_ask":"0.06"}],"timestamp":"1768250236182","event_type":"price_change"}}
{"schema_version":1,"source":"clob_ws_market","recv_ts_ns":1768250236278306496,"event_type":"price_change","market":"0xe51aa24ab1bbfefce466d642ad98587d13123e4ef95ec9aa73b712e775d4cbba","server_ts_ms":1768250236184,"raw":{"market":"0xe51aa24ab1bbfefce466d642ad98587d13123e4ef95ec9aa73b712e775d4cbba","price_changes":[{"asset_id":"96886111393998001968863279421729456597655847484197549086072988901191634450924","price":"0.93","size":"1572.82","side":"BUY","hash":"3a4b53a8eb3519e968d41098d85bfe84549e27c7","best_bid":"0.94","best_ask":"0.95"},{"asset_id":"54232589582260339592359130012520874109228367674780084862642636038394766871668","price":"0.07","size":"1572.82","side":"SELL","hash":"d94fde296c7b81cbe3d48dbd55fa0222f2c52cc8","best_bid":"0.05","best_ask":"0.06"}],"timestamp":"1768250236184","event_type":"price_change"}}
{"schema_version":1,"source":"clob_ws_market","recv_ts_ns":1768250236280632664,"event_type":"price_change","market":"0xe51aa24ab1bbfefce466d642ad98587d13123e4ef95ec9aa73b712e775d4cbba","server_ts_ms":1768250236188,"raw":{"market":"0xe51aa24ab1bbfefce466d642ad98587d13123e4ef95ec9aa73b712e775d4cbba","price_changes":[{"asset_id":"54232589582260339592359130012520874109228367674780084862642636038394766871668","price":"0.02","size":"6845.25","side":"BUY","hash":"67cbee46a54a44d6f1081ad989a371e1b0682e96","best_bid":"0.05","best_ask":"0.06"},{"asset_id":"96886111393998001968863279421729456597655847484197549086072988901191634450924","price":"0.98","size":"6845.25","side":"SELL","hash":"990945511446435c2161eff015ea5780878872f5","best_bid":"0.94","best_ask":"0.95"}],"timestamp":"1768250236188","event_type":"price_change"}}
{"schema_version":1,"source":"clob_ws_market","recv_ts_ns":1768250236283147511,"event_type":"price_change","market":"0xe51aa24ab1bbfefce466d642ad98587d13123e4ef95ec9aa73b712e775d4cbba","server_ts_ms":1768250236189,"raw":{"market":"0xe51aa24ab1bbfefce466d642ad98587d13123e4ef95ec9aa73b712e775d4cbba","price_changes":[{"asset_id":"54232589582260339592359130012520874109228367674780084862642636038394766871668","price":"0.04","size":"341.9","side":"BUY","hash":"8a2fe5ad71c0f1447418856fe2f6cba0e7b214b1","best_bid":"0.05","best_ask":"0.06"},{"asset_id":"96886111393998001968863279421729456597655847484197549086072988901191634450924","price":"0.96","size":"341.9","side":"SELL","hash":"a2496a7427d74d524580f1d3f5da1dd24b9364d9","best_bid":"0.94","best_ask":"0.95"}],"timestamp":"1768250236189","event_type":"price_change"}}
{"schema_version":1,"source":"clob_ws_market","recv_ts_ns":1768250236285451349,"event_type":"price_change","market":"0xe51aa24ab1bbfefce466d642ad98587d13123e4ef95ec9aa73b712e775d4cbba","server_ts_ms":1768250236192,"raw":{"market":"0xe51aa24ab1bbfefce466d642ad98587d13123e4ef95ec9aa73b712e775d4cbba","price_changes":[{"asset_id":"96886111393998001968863279421729456597655847484197549086072988901191634450924","price":"0.94","size":"1068.88","side":"BUY","hash":"264bcf463508eaa4225339cb12761f222c645b11","best_bid":"0.94","best_ask":"0.95"},{"asset_id":"54232589582260339592359130012520874109228367674780084862642636038394766871668","price":"0.06","size":"1068.88","side":"SELL","hash":"597ee8b9f6c376a93462853e968b5d3680571cd2","best_bid":"0.05","best_ask":"0.06"}],"timestamp":"1768250236192","event_type":"price_change"}}
{"schema_version":1,"source":"clob_ws_market","recv_ts_ns":1768250236298022557,"event_type":"price_change","market":"0xe51aa24ab1bbfefce466d642ad98587d13123e4ef95ec9aa73b712e775d4cbba","server_ts_ms":1768250236197,"raw":{"market":"0xe51aa24ab1bbfefce466d642ad98587d13123e4ef95ec9aa73b712e775d4cbba","price_changes":[{"asset_id":"96886111393998001968863279421729456597655847484197549086072988901191634450924","price":"0.78","size":"1526.53","side":"BUY","hash":"8774afe02e7afbbce78730929efa01674691f532","best_bid":"0.94","best_ask":"0.95"},{"asset_id":"54232589582260339592359130012520874109228367674780084862642636038394766871668","price":"0.22","size":"1526.53","side":"SELL","hash":"6cf15d73c8d1d5a0044d07187556c5476763db0e","best_bid":"0.05","best_ask":"0.06"}],"timestamp":"1768250236197","event_type":"price_change"}}
{"schema_version":1,"source":"clob_ws_market","recv_ts_ns":1768250236303197284,"event_type":"price_change","market":"0xe51aa24ab1bbfefce466d642ad98587d13123e4ef95ec9aa73b712e775d4cbba","server_ts_ms":1768250236200,"raw":{"market":"0xe51aa24ab1bbfefce466d642ad98587d13123e4ef95ec9aa73b712e775d4cbba","price_changes":[{"asset_id":"96886111393998001968863279421729456597655847484197549086072988901191634450924","price":"0.77","size":"1183.3","side":"BUY","hash":"d641a9914764e85c7120f25b16c78142773aea65","best_bid":"0.94","best_ask":"0.95"},{"asset_id":"54232589582260339592359130012520874109228367674780084862642636038394766871668","price":"0.23","size":"1183.3","side":"SELL","hash":"fabd6e587c5b33f0e674c823508b96488824596a","best_bid":"0.05","best_ask":"0.06"}],"timestamp":"1768250236200","event_type":"price_change"}}
{"schema_version":1,"source":"clob_ws_market","recv_ts_ns":1768250236311304949,"event_type":"price_change","market":"0xe51aa24ab1bbfefce466d642ad98587d13123e4ef95ec9aa73b712e775d4cbba","server_ts_ms":1768250236201,"raw":{"market":"0xe51aa24ab1bbfefce466d642ad98587d13123e4ef95ec9aa73b712e775d4cbba","price_changes":[{"asset_id":"96886111393998001968863279421729456597655847484197549086072988901191634450924","price":"0.9","size":"3396.27","side":"BUY","hash":"5249f37ca2b79c0050bdea3812df7233c574aab7","best_bid":"0.94","best_ask":"0.95"},{"asset_id":"54232589582260339592359130012520874109228367674780084862642636038394766871668","price":"0.1","size":"3396.27","side":"SELL","hash":"5ca3ef8f23f259cae6ecc20f1bcac3600add4ddc","best_bid":"0.05","best_ask":"0.06"}],"timestamp":"1768250236201","event_type":"price_change"}}
{"schema_version":1,"source":"clob_ws_market","recv_ts_ns":1768250236321330834,"event_type":"price_change","market":"0xe51aa24ab1bbfefce466d642ad98587d13123e4ef95ec9aa73b712e775d4cbba","server_ts_ms":1768250236201,"raw":{"market":"0xe51aa24ab1bbfefce466d642ad98587d13123e4ef95ec9aa73b712e775d4cbba","price_changes":[{"asset_id":"96886111393998001968863279421729456597655847484197549086072988901191634450924","price":"0.99","size":"21003.91","side":"SELL","hash":"5249f37ca2b79c0050bdea3812df7233c574aab7","best_bid":"0.94","best_ask":"0.95"},{"asset_id":"54232589582260339592359130012520874109228367674780084862642636038394766871668","price":"0.01","size":"21003.91","side":"BUY","hash":"5ca3ef8f23f259cae6ecc20f1bcac3600add4ddc","best_bid":"0.05","best_ask":"0.06"}],"timestamp":"1768250236201","event_type":"price_change"}}
{"schema_version":1,"source":"clob_ws_market","recv_ts_ns":1768250236327507812,"event_type":"price_change","market":"0xe51aa24ab1bbfefce466d642ad98587d13123e4ef95ec9aa73b712e775d4cbba","server_ts_ms":1768250236210,"raw":{"market":"0xe51aa24ab1bbfefce466d642ad98587d13123e4ef95ec9aa73b712e775d4cbba","price_changes":[{"asset_id":"54232589582260339592359130012520874109228367674780084862642636038394766871668","price":"0.03","size":"2347.6","side":"BUY","hash":"46e96ddac6871d4a56b85b5495499a014eede6b9","best_bid":"0.05","best_ask":"0.06"},{"asset_id":"96886111393998001968863279421729456597655847484197549086072988901191634450924","price":"0.97","size":"2347.6","side":"SELL","hash":"ca65d21a9cb5d62555a6a08166501584d0f9fedd","best_bid":"0.94","best_ask":"0.95"}],"timestamp":"1768250236210","event_type":"price_change"}}
{"schema_version":1,"source":"clob_ws_market","recv_ts_ns":1768250236331991096,"event_type":"price_change","market":"0xe51aa24ab1bbfefce466d642ad98587d13123e4ef95ec9aa73b712e775d4cbba","server_ts_ms":1768250236212,"raw":{"market":"0xe51aa24ab1bbfefce466d642ad98587d13123e4ef95ec9aa73b712e775d4cbba","price_changes":[{"asset_id":"96886111393998001968863279421729456597655847484197549086072988901191634450924","price":"0.94","size":"1084.88","side":"BUY","hash":"a9492768afa4bf2c12a2541fc1b31b9029894d3d","best_bid":"0.94","best_ask":"0.95"},{"asset_id":"54232589582260339592359130012520874109228367674780084862642636038394766871668","price":"0.06","size":"1084.88","side":"SELL","hash":"d9c56526649fa9d19b47f8bcce416405d5682d3e","best_bid":"0.05","best_ask":"0.06"}],"timestamp":"1768250236212","event_type":"price_change"}}
{"schema_version":1,"source":"clob_ws_market","recv_ts_ns":1768250236336234076,"event_type":"price_change","market":"0xe51aa24ab1bbfefce466d642ad98587d13123e4ef95ec9aa73b712e775d4cbba","server_ts_ms":1768250236214,"raw":{"market":"0xe51aa24ab1bbfefce466d642ad98587d13123e4ef95ec9aa73b712e775d4cbba","price_changes":[{"asset_id":"96886111393998001968863279421729456597655847484197549086072988901191634450924","price":"0.94","size":"1100.88","side":"BUY","hash":"cdddcd485d0c2988ea4df209dd03b633588f3ec1","best_bid":"0.94","best_ask":"0.95"},{"asset_id":"54232589582260339592359130012520874109228367674780084862642636038394766871668","price":"0.06","size":"1100.88","side":"SELL","hash":"89c1dda366401258efdef09a45909f14f6a995b1","best_bid":"0.05","best_ask":"0.06"}],"timestamp":"1768250236214","event_type":"price_change"}}
{"schema_version":1,"source":"clob_ws_market","recv_ts_ns":1768250236340499535,"event_type":"price_change","market":"0xe51aa24ab1bbfefce466d642ad98587d13123e4ef95ec9aa73b712e775d4cbba","server_ts_ms":1768250236228,"raw":{"market":"0xe51aa24ab1bbfefce466d642ad98587d13123e4ef95ec9aa73b712e775d4cbba","price_changes":[{"asset_id":"96886111393998001968863279421729456597655847484197549086072988901191634450924","price":"0.94","size":"1116.88","side":"BUY","hash":"85329f853114a75413731b3c6be5c78defaabbe1","best_bid":"0.94","best_ask":"0.95"},{"asset_id":"54232589582260339592359130012520874109228367674780084862642636038394766871668","price":"0.06","size":"1116.88","side":"SELL","hash":"2062d0be829a13a86e34d7d947060f733a2557dc","best_bid":"0.05","best_ask":"0.06"}],"timestamp":"1768250236228","event_type":"price_change"}}
{"schema_version":1,"source":"clob_ws_market","recv_ts_ns":1768250236348666242,"event_type":"price_change","market":"0xe51aa24ab1bbfefce466d642ad98587d13123e4ef95ec9aa73b712e775d4cbba","server_ts_ms":1768250236233,"raw":{"market":"0xe51aa24ab1bbfefce466d642ad98587d13123e4ef95ec9aa73b712e775d4cbba","price_changes":[{"asset_id":"54232589582260339592359130012520874109228367674780084862642636038394766871668","price":"0.03","size":"2363.6","side":"BUY","hash":"7947b292abfdd488fe035c5e10de0a2d99a97d81","best_bid":"0.05","best_ask":"0.06"},{"asset_id":"96886111393998001968863279421729456597655847484197549086072988901191634450924","price":"0.97","size":"2363.6","side":"SELL","hash":"fbc59f29f7ca46c72fad9a8ce32e32d7b5e0836c","best_bid":"0.94","best_ask":"0.95"}],"timestamp":"1768250236233","event_type":"price_change"}}
{"schema_version":1,"source":"clob_ws_market","recv_ts_ns":1768250236353539402,"event_type":"price_change","market":"0xe51aa24ab1bbfefce466d642ad98587d13123e4ef95ec9aa73b712e775d4cbba","server_ts_ms":1768250236233,"raw":{"market":"0xe51aa24ab1bbfefce466d642ad98587d13123e4ef95ec9aa73b712e775d4cbba","price_changes":[{"asset_id":"54232589582260339592359130012520874109228367674780084862642636038394766871668","price":"0.01","size":"21019.91","side":"BUY","hash":"3cad1468f4c81cc29e1a05a0f5f53869c84e248e","best_bid":"0.05","best_ask":"0.06"},{"asset_id":"96886111393998001968863279421729456597655847484197549086072988901191634450924","price":"0.99","size":"21019.91","side":"SELL","hash":"2f215ff5f2d020c216ad97cd9472ba5ed8927131","best_bid":"0.94","best_ask":"0.95"}],"timestamp":"1768250236233","event_type":"price_change"}}
{"schema_version":1,"source":"clob_ws_market","recv_ts_ns":1768250236359006084,"event_type":"price_change","market":"0xe51aa24ab1bbfefce466d642ad98587d13123e4ef95ec9aa73b712e775d4cbba","server_ts_ms":1768250236237,"raw":{"market":"0xe51aa24ab1bbfefce466d642ad98587d13123e4ef95ec9aa73b712e775d4cbba","price_changes":[{"asset_id":"96886111393998001968863279421729456597655847484197549086072988901191634450924","price":"0.91","size":"3017.44","side":"BUY","hash":"d485b53d4c69a0e69cb4f87e924339ab5a64bdb4","best_bid":"0.94","best_ask":"0.95"},{"asset_id":"54232589582260339592359130012520874109228367674780084862642636038394766871668","price":"0.09","size":"3017.44","side":"SELL","hash":"325206b7ee0dc93e35eec71393ea326075e9e83a","best_bid":"0.05","best_ask":"0.06"}],"timestamp":"1768250236237","event_type":"price_change"}}
{"schema_version":1,"source":"clob_ws_market","recv_ts_ns":1768250236363648858,"event_type":"price_change","market":"0xe51aa24ab1bbfefce466d642ad98587d13123e4ef95ec9aa73b712e775d4cbba","server_ts_ms":1768250236239,"raw":{"market":"0xe51aa24ab1bbfefce466d642ad98587d13123e4ef95ec9aa73b712e775d4cbba","price_changes":[{"asset_id":"96886111393998001968863279421729456597655847484197549086072988901191634450924","price":"0.99","size":"21024.91","side":"SELL","hash":"c6562dce81cdb0afa3dc086e2ad9a7d617c5f263","best_bid":"0.94","best_ask":"0.95"},{"asset_id":"54232589582260339592359130012520874109228367674780084862642636038394766871668","price":"0.01","size":"21024.91","side":"BUY","hash":"edc029022682006fdc8b67483530f7659715519f","best_bid":"0.05","best_ask":"0.06"}],"timestamp":"1768250236239","event_type":"price_change"}}
{"schema_version":1,"source":"clob_ws_market","recv_ts_ns":1768250236368664267,"event_type":"price_change","market":"0xe51aa24ab1bbfefce466d642ad98587d13123e4ef95ec9aa73b712e775d4cbba","server_ts_ms":1768250236239,"raw":{"market":"0xe51aa24ab1bbfefce466d642ad98587d13123e4ef95ec9aa73b712e775d4cbba","price_changes":[{"asset_id":"54232589582260339592359130012520874109228367674780084862642636038394766871668","price":"0.03","size":"2379.6","side":"BUY","hash":"7e0fde285d7febd037cde4cf7277a9685424daaa","best_bid":"0.05","best_ask":"0.06"},{"asset_id":"96886111393998001968863279421729456597655847484197549086072988901191634450924","price":"0.97","size":"2379.6","side":"SELL","hash":"83533b8592b0c10b6adcfe9eb9613b5c60cf3592","best_bid":"0.94","best_ask":"0.95"}],"timestamp":"1768250236239","event_type":"price_change"}}
{"schema_version":1,"source":"clob_ws_market","recv_ts_ns":1768250236373797171,"event_type":"price_change","market":"0xe51aa24ab1bbfefce466d642ad98587d13123e4ef95ec9aa73b712e775d4cbba","server_ts_ms":1768250236240,"raw":{"market":"0xe51aa24ab1bbfefce466d642ad98587d13123e4ef95ec9aa73b712e775d4cbba","price_changes":[{"asset_id":"96886111393998001968863279421729456597655847484197549086072988901191634450924","price":"0.92","size":"2448.36","side":"BUY","hash":"48bbded9baf9a897905f2891d6eb5fe56ff37b0b","best_bid":"0.94","best_ask":"0.95"},{"asset_id":"54232589582260339592359130012520874109228367674780084862642636038394766871668","price":"0.08","size":"2448.36","side":"SELL","hash":"c7d874f69bdb0d2e39bf0be04f16222af736e058","best_bid":"0.05","best_ask":"0.06"}],"timestamp":"1768250236240","event_type":"price_change"}}
{"schema_version":1,"source":"clob_ws_market","recv_ts_ns":1768250236379145701,"event_type":"price_change","market":"0xe51aa24ab1bbfefce466d642ad98587d13123e4ef95ec9aa73b712e775d4cbba","server_ts_ms":1768250236241,"raw":{"market":"0xe51aa24ab1bbfefce466d642ad98587d13123e4ef95ec9aa73b712e775d4cbba","price_changes":[{"asset_id":"54232589582260339592359130012520874109228367674780084862642636038394766871668","price":"0.07","size":"1547.82","side":"SELL","hash":"72eed0fc5f4e6440f38a06e1d7c7cf1a86188dc7","best_bid":"0.05","best_ask":"0.06"},{"asset_id":"96886111393998001968863279421729456597655847484197549086072988901191634450924","price":"0.93","size":"1547.82","side":"BUY","hash":"0adc5b97b1970ff967c629c31d138fea6b2dcede","best_bid":"0.94","best_ask":"0.95"}],"timestamp":"1768250236241","event_type":"price_change"}}
{"schema_version":1,"source":"clob_ws_market","recv_ts_ns":1768250236386302801,"event_type":"price_change","market":"0xe51aa24ab1bbfefce466d642ad98587d13123e4ef95ec9aa73b712e775d4cbba","server_ts_ms":1768250236242,"raw":{"market":"0xe51aa24ab1bbfefce466d642ad98587d13123e4ef95ec9aa73b712e775d4cbba","price_changes":[{"asset_id":"54232589582260339592359130012520874109228367674780084862642636038394766871668","price":"0.08","size":"2423.36","side":"SELL","hash":"c7f44b17a8de4c10ab26bcce4667301ec52b1b2a","best_bid":"0.05","best_ask":"0.06"},{"asset_id":"96886111393998001968863279421729456597655847484197549086072988901191634450924","price":"0.92","size":"2423.36","side":"BUY","hash":"113a532baae1892988268b101a9e91b3b13f2463","best_bid":"0.94","best_ask":"0.95"}],"timestamp":"1768250236242","event_type":"price_change"}}
{"schema_version":1,"source":"clob_ws_market","recv_ts_ns":1768250236391408581,"event_type":"price_change","market":"0xe51aa24ab1bbfefce466d642ad98587d13123e4ef95ec9aa73b712e775d4cbba","server_ts_ms":1768250236244,"raw":{"market":"0xe51aa24ab1bbfefce466d642ad98587d13123e4ef95ec9aa73b712e775d4cbba","price_changes":[{"asset_id":"96886111393998001968863279421729456597655847484197549086072988901191634450924","price":"0.94","size":"1141.88","side":"BUY","hash":"7a135be859e700d6acb481fda250a9e0cd8b740c","best_bid":"0.94","best_ask":"0.95"},{"asset_id":"54232589582260339592359130012520874109228367674780084862642636038394766871668","price":"0.06","size":"1141.88","side":"SELL","hash":"4e1f08f3df28ca3d677a390afd7e3e8c1b939c41","best_bid":"0.05","best_ask":"0.06"}],"timestamp":"1768250236244","event_type":"price_change"}}
{"schema_version":1,"source":"clob_ws_market","recv_ts_ns":1768250236396479142,"event_type":"price_change","market":"0xe51aa24ab1bbfefce466d642ad98587d13123e4ef95ec9aa73b712e775d4cbba","server_ts_ms":1768250236245,"raw":{"market":"0xe51aa24ab1bbfefce466d642ad98587d13123e4ef95ec9aa73b712e775d4cbba","price_changes":[{"asset_id":"96886111393998001968863279421729456597655847484197549086072988901191634450924","price":"0.93","size":"1522.82","side":"BUY","hash":"5d1389ce73591303d9e5e4a9e83a57047116dfdd","best_bid":"0.94","best_ask":"0.95"},{"asset_id":"54232589582260339592359130012520874109228367674780084862642636038394766871668","price":"0.07","size":"1522.82","side":"SELL","hash":"9505a3b70de46dddf5839de65f61f671bfbcf5c4","best_bid":"0.05","best_ask":"0.06"}],"timestamp":"1768250236245","event_type":"price_change"}}
{"schema_version":1,"source":"clob_ws_market","recv_ts_ns":1768250236400465697,"event_type":"price_change","market":"0xe51aa24ab1bbfefce466d642ad98587d13123e4ef95ec9aa73b712e775d4cbba","server_ts_ms":1768250236246,"raw":{"market":"0xe51aa24ab1bbfefce466d642ad98587d13123e4ef95ec9aa73b712e775d4cbba","price_changes":[{"asset_id":"54232589582260339592359130012520874109228367674780084862642636038394766871668","price":"0.06","size":"1166.88","side":"SELL","hash":"5e7c47a519b31f0a6dc40118f92af3752cb5f7eb","best_bid":"0.05","best_ask":"0.06"},{"asset_id":"96886111393998001968863279421729456597655847484197549086072988901191634450924","price":"0.94","size":"1166.88","side":"BUY","hash":"e6c34b7b4853187280ea85fb8fce811a32609b48","best_bid":"0.94","best_ask":"0.95"}],"timestamp":"1768250236246","event_type":"price_change"}}
{"schema_version":1,"source":"clob_ws_market","recv_ts_ns":1768250236404017057,"event_type":"price_change","market":"0xe51aa24ab1bbfefce466d642ad98587d13123e4ef95ec9aa73b712e775d4cbba","server_ts_ms":1768250236248,"raw":{"market":"0xe51aa24ab1bbfefce466d642ad98587d13123e4ef95ec9aa73b712e775d4cbba","price_changes":[{"asset_id":"54232589582260339592359130012520874109228367674780084862642636038394766871668","price":"0.07","size":"1547.82","side":"SELL","hash":"a5c4ac84dd9a4f3f103860727eca84bced6e0da2","best_bid":"0.05","best_ask":"0.06"},{"asset_id":"96886111393998001968863279421729456597655847484197549086072988901191634450924","price":"0.93","size":"1547.82","side":"BUY","hash":"f82beb36afb365a06314969f4d55da66a5d63d45","best_bid":"0.94","best_ask":"0.95"}],"timestamp":"1768250236248","event_type":"price_change"}}
{"schema_version":1,"source":"clob_ws_market","recv_ts_ns":1768250236407923938,"event_type":"price_change","market":"0xe51aa24ab1bbfefce466d642ad98587d13123e4ef95ec9aa73b712e775d4cbba","server_ts_ms":1768250236249,"raw":{"market":"0xe51aa24ab1bbfefce466d642ad98587d13123e4ef95ec9aa73b712e775d4cbba","price_changes":[{"asset_id":"96886111393998001968863279421729456597655847484197549086072988901191634450924","price":"0.93","size":"1572.82","side":"BUY","hash":"94a78a709be11aa37a077bee70643f5f2a40048d","best_bid":"0.94","best_ask":"0.95"},{"asset_id":"54232589582260339592359130012520874109228367674780084862642636038394766871668","price":"0.07","size":"1572.82","side":"SELL","hash":"fbde8e1c3bff152d151408367def658cf9472985","best_bid":"0.05","best_ask":"0.06"}],"timestamp":"1768250236249","event_type":"price_change"}}
{"schema_version":1,"source":"clob_ws_market","recv_ts_ns":1768250236411425782,"event_type":"price_change","market":"0xe51aa24ab1bbfefce466d642ad98587d13123e4ef95ec9aa73b712e775d4cbba","server_ts_ms":1768250236263,"raw":{"market":"0xe51aa24ab1bbfefce466d642ad98587d13123e4ef95ec9aa73b712e775d4cbba","price_changes":[{"asset_id":"96886111393998001968863279421729456597655847484197549086072988901191634450924","price":"0.93","size":"1556.82","side":"BUY","hash":"75c5fa1bc51fdb61fd8372e0455d613cf5aea9bc","best_bid":"0.94","best_ask":"0.95"},{"asset_id":"54232589582260339592359130012520874109228367674780084862642636038394766871668","price":"0.07","size":"1556.82","side":"SELL","hash":"519212a1a0f7c8639d7faeff8ab22beee66d7e2a","best_bid":"0.05","best_ask":"0.06"}],"timestamp":"1768250236263","event_type":"price_change"}}
{"schema_version":1,"source":"clob_ws_market","recv_ts_ns":1768250236414215423,"event_type":"price_change","market":"0xe51aa24ab1bbfefce466d642ad98587d13123e4ef95ec9aa73b712e775d4cbba","server_ts_ms":1768250236270,"raw":{"market":"0xe51aa24ab1bbfefce466d642ad98587d13123e4ef95ec9aa73b712e775d4cbba","price_changes":[{"asset_id":"96886111393998001968863279421729456597655847484197549086072988901191634450924","price":"0.94","size":"1141.88","side":"BUY","hash":"d8b39a0c1e2f192b863d145186bfb52063fb890c","best_bid":"0.94","best_ask":"0.95"},{"asset_id":"54232589582260339592359130012520874109228367674780084862642636038394766871668","price":"0.06","size":"1141.88","side":"SELL","hash":"0a69c77bee017d067a3c3c99a28843de98551f96","best_bid":"0.05","best_ask":"0.06"}],"timestamp":"1768250236270","event_type":"price_change"}}
{"schema_version":1,"source":"clob_ws_market","recv_ts_ns":1768250236417855728,"event_type":"price_change","market":"0xe51aa24ab1bbfefce466d642ad98587d13123e4ef95ec9aa73b712e775d4cbba","server_ts_ms":1768250236273,"raw":{"market":"0xe51aa24ab1bbfefce466d642ad98587d13123e4ef95ec9aa73b712e775d4cbba","price_changes":[{"asset_id":"54232589582260339592359130012520874109228367674780084862642636038394766871668","price":"0.06","size":"1116.88","side":"SELL","hash":"b221ff62c7ce495c22e2e8edece49d40a8360681","best_bid":"0.05","best_ask":"0.06"},{"asset_id":"96886111393998001968863279421729456597655847484197549086072988901191634450924","price":"0.94","size":"1116.88","side":"BUY","hash":"f654ac059630e86288d7c9c10bc214c8808da4b0","best_bid":"0.94","best_ask":"0.95"}],"timestamp":"1768250236273","event_type":"price_change"}}
{"schema_version":1,"source":"clob_ws_market","recv_ts_ns":1768250236421466942,"event_type":"price_change","market":"0xe51aa24ab1bbfefce466d642ad98587d13123e4ef95ec9aa73b712e775d4cbba","server_ts_ms":1768250236275,"raw":{"market":"0xe51aa24ab1bbfefce466d642ad98587d13123e4ef95ec9aa73b712e775d4cbba","price_changes":[{"asset_id":"96886111393998001968863279421729456597655847484197549086072988901191634450924","price":"0.93","size":"1531.82","side":"BUY","hash":"4299eaa7d6f8ed40aea87041f82b34b633141ffb","best_bid":"0.94","best_ask":"0.95"},{"asset_id":"54232589582260339592359130012520874109228367674780084862642636038394766871668","price":"0.07","size":"1531.82","side":"SELL","hash":"e70ffd739c4d811046010c9088e1c90916457248","best_bid":"0.05","best_ask":"0.06"}],"timestamp":"1768250236275","event_type":"price_change"}}
{"schema_version":1,"source":"clob_ws_market","recv_ts_ns":1768250236424727491,"event_type":"price_change","market":"0xe51aa24ab1bbfefce466d642ad98587d13123e4ef95ec9aa73b712e775d4cbba","server_ts_ms":1768250236276,"raw":{"market":"0xe51aa24ab1bbfefce466d642ad98587d13123e4ef95ec9aa73b712e775d4cbba","price_changes":[{"asset_id":"96886111393998001968863279421729456597655847484197549086072988901191634450924","price":"0.94","size":"1152.88","side":"BUY","hash":"a756141751ed60955e86f93eaa28da7dad16fcf7","best_bid":"0.94","best_ask":"0.95"},{"asset_id":"54232589582260339592359130012520874109228367674780084862642636038394766871668","price":"0.06","size":"1152.88","side":"SELL","hash":"e30aecad1ded8f45bc0d742b3e6716ae659c4b8e","best_bid":"0.05","best_ask":"0.06"}],"timestamp":"1768250236276","event_type":"price_change"}}
{"schema_version":1,"source":"clob_ws_market","recv_ts_ns":1768250236428260900,"event_type":"price_change","market":"0xe51aa24ab1bbfefce466d642ad98587d13123e4ef95ec9aa73b712e775d4cbba","server_ts_ms":1768250236279,"raw":{"market":"0xe51aa24ab1bbfefce466d642ad98587d13123e4ef95ec9aa73b712e775d4cbba","price_changes":[{"asset_id":"96886111393998001968863279421729456597655847484197549086072988901191634450924","price":"0.93","size":"1515.82","side":"BUY","hash":"640b98d06f83bce548233b7f94812d7008a153d4","best_bid":"0.94","best_ask":"0.95"},{"asset_id":"54232589582260339592359130012520874109228367674780084862642636038394766871668","price":"0.07","size":"1515.82","side":"SELL","hash":"d58b4eaac49cee5664b691cfc69c36510ead9c7a","best_bid":"0.05","best_ask":"0.06"}],"timestamp":"1768250236279","event_type":"price_change"}}
{"schema_version":1,"source":"clob_ws_market","recv_ts_ns":1768250236432567522,"event_type":"price_change","market":"0xe51aa24ab1bbfefce466d642ad98587d13123e4ef95ec9aa73b712e775d4cbba","server_ts_ms":1768250236280,"raw":{"market":"0xe51aa24ab1bbfefce466d642ad98587d13123e4ef95ec9aa73b712e775d4cbba","price_changes":[{"asset_id":"54232589582260339592359130012520874109228367674780084862642636038394766871668","price":"0.01","size":"21008.91","side":"BUY","hash":"4473280b6e02d4d7e47e3b8cb41a97b44e43badb","best_bid":"0.05","best_ask":"0.06"},{"asset_id":"96886111393998001968863279421729456597655847484197549086072988901191634450924","price":"0.99","size":"21008.91","side":"SELL","hash":"ac05fa48c9e2c932be91cde57f5b47348f621314","best_bid":"0.94","best_ask":"0.95"}],"timestamp":"1768250236280","event_type":"price_change"}}
{"schema_version":1,"source":"clob_ws_market","recv_ts_ns":1768250236435440502,"event_type":"price_change","market":"0xe51aa24ab1bbfefce466d642ad98587d13123e4ef95ec9aa73b712e775d4cbba","server_ts_ms":1768250236281,"raw":{"market":"0xe51aa24ab1bbfefce466d642ad98587d13123e4ef95ec9aa73b712e775d4cbba","price_changes":[{"asset_id":"54232589582260339592359130012520874109228367674780084862642636038394766871668","price":"0.07","size":"1490.82","side":"SELL","hash":"82324a9f5aefcc396b30224032cc2a3356f84a8b","best_bid":"0.05","best_ask":"0.06"},{"asset_id":"96886111393998001968863279421729456597655847484197549086072988901191634450924","price":"0.93","size":"1490.82","side":"BUY","hash":"33a9dd0134920c606c2ebde8022c9701e6389008","best_bid":"0.94","best_ask":"0.95"}],"timestamp":"1768250236281","event_type":"price_change"}}
{"schema_version":1,"source":"clob_ws_market","recv_ts_ns":1768250236438796144,"event_type":"price_change","market":"0xe51aa24ab1bbfefce466d642ad98587d13123e4ef95ec9aa73b712e775d4cbba","server_ts_ms":1768250236282,"raw":{"market":"0xe51aa24ab1bbfefce466d642ad98587d13123e4ef95ec9aa73b712e775d4cbba","price_changes":[{"asset_id":"96886111393998001968863279421729456597655847484197549086072988901191634450924","price":"0.93","size":"1474.82","side":"BUY","hash":"5da5811b1200c69170f867b7cbbfc897bba252dd","best_bid":"0.94","best_ask":"0.95"},{"asset_id":"54232589582260339592359130012520874109228367674780084862642636038394766871668","price":"0.07","size":"1474.82","side":"SELL","hash":"273a175b28dee0a40fecd16dc0a46174283bdf1b","best_bid":"0.05","best_ask":"0.06"}],"timestamp":"1768250236282","event_type":"price_change"}}
{"schema_version":1,"source":"clob_ws_market","recv_ts_ns":1768250236442413555,"event_type":"price_change","market":"0xe51aa24ab1bbfefce466d642ad98587d13123e4ef95ec9aa73b712e775d4cbba","server_ts_ms":1768250236283,"raw":{"market":"0xe51aa24ab1bbfefce466d642ad98587d13123e4ef95ec9aa73b712e775d4cbba","price_changes":[{"asset_id":"96886111393998001968863279421729456597655847484197549086072988901191634450924","price":"0.94","size":"1164.88","side":"BUY","hash":"25c9cb704fed12bd03f663e526a2a72202ff6728","best_bid":"0.94","best_ask":"0.95"},{"asset_id":"54232589582260339592359130012520874109228367674780084862642636038394766871668","price":"0.06","size":"1164.88","side":"SELL","hash":"6b4fe34824915784cc49f8e3395c213dee92ddde","best_bid":"0.05","best_ask":"0.06"}],"timestamp":"1768250236283","event_type":"price_change"}}
{"schema_version":1,"source":"clob_ws_market","recv_ts_ns":1768250236445495039,"event_type":"price_change","market":"0xe51aa24ab1bbfefce466d642ad98587d13123e4ef95ec9aa73b712e775d4cbba","server_ts_ms":1768250236284,"raw":{"market":"0xe51aa24ab1bbfefce466d642ad98587d13123e4ef95ec9aa73b712e775d4cbba","price_changes":[{"asset_id":"54232589582260339592359130012520874109228367674780084862642636038394766871668","price":"0.04","size":"325.9","side":"BUY","hash":"d29fdb2758c4ba14efbacde93dc1e51d1ee406ab","best_bid":"0.05","best_ask":"0.06"},{"asset_id":"96886111393998001968863279421729456597655847484197549086072988901191634450924","price":"0.96","size":"325.9","side":"SELL","hash":"2e01383b78e0fdef7cf1a39956449792831f39e1","best_bid":"0.94","best_ask":"0.95"}],"timestamp":"1768250236284","event_type":"price_change"}}
{"schema_version":1,"source":"clob_ws_market","recv_ts_ns":1768250236448858191,"event_type":"price_change","market":"0xe51aa24ab1bbfefce466d642ad98587d13123e4ef95ec9aa73b712e775d4cbba","server_ts_ms":1768250236285,"raw":{"market":"0xe51aa24ab1bbfefce466d642ad98587d13123e4ef95ec9aa73b712e775d4cbba","price_changes":[{"asset_id":"96886111393998001968863279421729456597655847484197549086072988901191634450924","price":"0.93","size":"1458.82","side":"BUY","hash":"7f95603e818a16515ac85c2c528087ce6000c0de","best_bid":"0.94","best_ask":"0.95"},{"asset_id":"54232589582260339592359130012520874109228367674780084862642636038394766871668","price":"0.07","size":"1458.82","side":"SELL","hash":"304e4a7f2da22c3104ae026cd2c4ea5ae7159f71","best_bid":"0.05","best_ask":"0.06"}],"timestamp":"1768250236285","event_type":"price_change"}}
{"schema_version":1,"source":"clob_ws_market","recv_ts_ns":1768250236452645869,"event_type":"price_change","market":"0xe51aa24ab1bbfefce466d642ad98587d13123e4ef95ec9aa73b712e775d4cbba","server_ts_ms":1768250236286,"raw":{"market":"0xe51aa24ab1bbfefce466d642ad98587d13123e4ef95ec9aa73b712e775d4cbba","price_changes":[{"asset_id":"54232589582260339592359130012520874109228367674780084862642636038394766871668","price":"0.04","size":"309.9","side":"BUY","hash":"051e7a95125a18ba8dc992a338c0aa2f32180efc","best_bid":"0.05","best_ask":"0.06"},{"asset_id":"96886111393998001968863279421729456597655847484197549086072988901191634450924","price":"0.96","size":"309.9","side":"SELL","hash":"5e28eff1e9cb68714e896aac45c451f695ebc68c","best_bid":"0.94","best_ask":"0.95"}],"timestamp":"1768250236286","event_type":"price_change"}}
{"schema_version":1,"source":"clob_ws_market","recv_ts_ns":1768250236456845383,"event_type":"price_change","market":"0xe51aa24ab1bbfefce466d642ad98587d13123e4ef95ec9aa73b712e775d4cbba","server_ts_ms":1768250236286,"raw":{"market":"0xe51aa24ab1bbfefce466d642ad98587d13123e4ef95ec9aa73b712e775d4cbba","price_changes":[{"asset_id":"96886111393998001968863279421729456597655847484197549086072988901191634450924","price":"0.93","size":"1442.82","side":"BUY","hash":"e248ce6a7e82f757693d392fe8facf5c03aaeaf1","best_bid":"0.94","best_ask":"0.95"},{"asset_id":"54232589582260339592359130012520874109228367674780084862642636038394766871668","price":"0.07","size":"1442.82","side":"SELL","hash":"9d1f1463cbd2211b68c6c84853d796a090a0c547","best_bid":"0.05","best_ask":"0.06"}],"timestamp":"1768250236286","event_type":"price_change"}}
{"schema_version":1,"source":"clob_ws_market","recv_ts_ns":1768250236461631482,"event_type":"price_change","market":"0xe51aa24ab1bbfefce466d642ad98587d13123e4ef95ec9aa73b712e775d4cbba","server_ts_ms":1768250236291,"raw":{"market":"0xe51aa24ab1bbfefce466d642ad98587d13123e4ef95ec9aa73b712e775d4cbba","price_changes":[{"asset_id":"96886111393998001968863279421729456597655847484197549086072988901191634450924","price":"0.94","size":"1183.88","side":"BUY","hash":"d45425ddd4a6a2569fb14c77b0a11973e45aa959","best_bid":"0.94","best_ask":"0.95"},{"asset_id":"54232589582260339592359130012520874109228367674780084862642636038394766871668","price":"0.06","size":"1183.88","side":"SELL","hash":"9ee15d331dd1d243b92a51f11ba733920848b64b","best_bid":"0.05","best_ask":"0.06"}],"timestamp":"1768250236291","event_type":"price_change"}}
{"schema_version":1,"source":"clob_ws_market","recv_ts_ns":1768250236466166001,"event_type":"price_change","market":"0xe51aa24ab1bbfefce466d642ad98587d13123e4ef95ec9aa73b712e775d4cbba","server_ts_ms":1768250236294,"raw":{"market":"0xe51aa24ab1bbfefce466d642ad98587d13123e4ef95ec9aa73b712e775d4cbba","price_changes":[{"asset_id":"96886111393998001968863279421729456597655847484197549086072988901191634450924","price":"0.94","size":"1199.88","side":"BUY","hash":"eea9ad9a3425d15e564fbb8f19280c55b176c8bf","best_bid":"0.94","best_ask":"0.95"},{"asset_id":"54232589582260339592359130012520874109228367674780084862642636038394766871668","price":"0.06","size":"1199.88","side":"SELL","hash":"ed60886933b2d33df5b84e39558552b23c580701","best_bid":"0.05","best_ask":"0.06"}],"timestamp":"1768250236294","event_type":"price_change"}}
{"schema_version":1,"source":"clob_ws_market","recv_ts_ns":1768250236471738781,"event_type":"price_change","market":"0xe51aa24ab1bbfefce466d642ad98587d13123e4ef95ec9aa73b712e775d4cbba","server_ts_ms":1768250236315,"raw":{"market":"0xe51aa24ab1bbfefce466d642ad98587d13123e4ef95ec9aa73b712e775d4cbba","price_changes":[{"asset_id":"96886111393998001968863279421729456597655847484197549086072988901191634450924","price":"0.94","size":"1215.88","side":"BUY","hash":"012a6afe38900da180d5286f15379b5cd8444b81","best_bid":"0.94","best_ask":"0.95"},{"asset_id":"54232589582260339592359130012520874109228367674780084862642636038394766871668","price":"0.06","size":"1215.88","side":"SELL","hash":"6d5114e09c1102f401440786b8758324becbad37","best_bid":"0.05","best_ask":"0.06"}],"timestamp":"1768250236315","event_type":"price_change"}}
{"schema_version":1,"source":"clob_ws_market","recv_ts_ns":1768250236475499381,"event_type":"price_change","market":"0xe51aa24ab1bbfefce466d642ad98587d13123e4ef95ec9aa73b712e775d4cbba","server_ts_ms":1768250236316,"raw":{"market":"0xe51aa24ab1bbfefce466d642ad98587d13123e4ef95ec9aa73b712e775d4cbba","price_changes":[{"asset_id":"54232589582260339592359130012520874109228367674780084862642636038394766871668","price":"0.03","size":"2395.6","side":"BUY","hash":"4b13868704709c3b8f2af9e9b2cba692ac4f2db5","best_bid":"0.05","best_ask":"0.06"},{"asset_id":"96886111393998001968863279421729456597655847484197549086072988901191634450924","price":"0.97","size":"2395.6","side":"SELL","hash":"0d1c5ec41ecbd2dd80c93f582b53350f37e6ee3b","best_bid":"0.94","best_ask":"0.95"}],"timestamp":"1768250236316","event_type":"price_change"}}
{"schema_version":1,"source":"clob_ws_market","recv_ts_ns":1768250236479068017,"event_type":"price_change","market":"0xe51aa24ab1bbfefce466d642ad98587d13123e4ef95ec9aa73b712e775d4cbba","server_ts_ms":1768250236318,"raw":{"market":"0xe51aa24ab1bbfefce466d642ad98587d13123e4ef95ec9aa73b712e775d4cbba","price_changes":[{"asset_id":"54232589582260339592359130012520874109228367674780084862642636038394766871668","price":"0.03","size":"2411.6","side":"BUY","hash":"332db10ebf0ba69de2e614730518ec57492d5853","best_bid":"0.05","best_ask":"0.06"},{"asset_id":"96886111393998001968863279421729456597655847484197549086072988901191634450924","price":"0.97","size":"2411.6","side":"SELL","hash":"24c687ca36ca42bb0101a4ad8674f885cb0bec35","best_bid":"0.94","best_ask":"0.95"}],"timestamp":"1768250236318","event_type":"price_change"}}
{"schema_version":1,"source":"clob_ws_market","recv_ts_ns":1768250236482908699,"event_type":"price_change","market":"0xe51aa24ab1bbfefce466d642ad98587d13123e4ef95ec9aa73b712e775d4cbba","server_ts_ms":1768250236320,"raw":{"market":"0xe51aa24ab1bbfefce466d642ad98587d13123e4ef95ec9aa73b712e775d4cbba","price_changes":[{"asset_id":"96886111393998001968863279421729456597655847484197549086072988901191634450924","price":"0.94","size":"1231.88","side":"BUY","hash":"57af15580464ab8572f716c12d5d6b4332ef5967","best_bid":"0.94","best_ask":"0.95"},{"asset_id":"54232589582260339592359130012520874109228367674780084862642636038394766871668","price":"0.06","size":"1231.88","side":"SELL","hash":"407c91a61ef2f0c42e0bd903b5cd8fa35bff8f22","best_bid":"0.05","best_ask":"0.06"}],"timestamp":"1768250236320","event_type":"price_change"}}
{"schema_version":1,"source":"clob_ws_market","recv_ts_ns":1768250236486702001,"event_type":"price_change","market":"0xe51aa24ab1bbfefce466d642ad98587d13123e4ef95ec9aa73b712e775d4cbba","server_ts_ms":1768250236322,"raw":{"market":"0xe51aa24ab1bbfefce466d642ad98587d13123e4ef95ec9aa73b712e775d4cbba","price_changes":[{"asset_id":"54232589582260339592359130012520874109228367674780084862642636038394766871668","price":"0.08","size":"2448.36","side":"SELL","hash":"f8200ed9531522d51ca61ee06569d967e03f3251","best_bid":"0.05","best_ask":"0.06"},{"asset_id":"96886111393998001968863279421729456597655847484197549086072988901191634450924","price":"0.92","size":"2448.36","side":"BUY","hash":"af8294d990a2ea358a3e85b577c3369c21a5c701","best_bid":"0.94","best_ask":"0.95"}],"timestamp":"1768250236322","event_type":"price_change"}}
{"schema_version":1,"source":"clob_ws_market","recv_ts_ns":1768250236490804969,"event_type":"price_change","market":"0xe51aa24ab1bbfefce466d642ad98587d13123e4ef95ec9aa73b712e775d4cbba","server_ts_ms":1768250236323,"raw":{"market":"0xe51aa24ab1bbfefce466d642ad98587d13123e4ef95ec9aa73b712e775d4cbba","price_changes":[{"asset_id":"96886111393998001968863279421729456597655847484197549086072988901191634450924","price":"0.94","size":"1247.88","side":"BUY","hash":"af945320099a16d5f1b0832108d83e8c91e9da00","best_bid":"0.94","best_ask":"0.95"},{"asset_id":"54232589582260339592359130012520874109228367674780084862642636038394766871668","price":"0.06","size":"1247.88","side":"SELL","hash":"c27146c1b1177605d7afbd018489c750f6d51cd6","best_bid":"0.05","best_ask":"0.06"}],"timestamp":"1768250236323","event_type":"price_change"}}
{"schema_version":1,"source":"clob_ws_market","recv_ts_ns":1768250236494308530,"event_type":"price_change","market":"0xe51aa24ab1bbfefce466d642ad98587d13123e4ef95ec9aa73b712e775d4cbba","server_ts_ms":1768250236327,"raw":{"market":"0xe51aa24ab1bbfefce466d642ad98587d13123e4ef95ec9aa73b712e775d4cbba","price_changes":[{"asset_id":"96886111393998001968863279421729456597655847484197549086072988901191634450924","price":"0.94","size":"1263.88","side":"BUY","hash":"8794083fbfbe94ebcba030898854f8288f875c77","best_bid":"0.94","best_ask":"0.95"},{"asset_id":"54232589582260339592359130012520874109228367674780084862642636038394766871668","price":"0.06","size":"1263.88","side":"SELL","hash":"458fe1ea9d7817414cb22555505abfbb22b67dd4","best_bid":"0.05","best_ask":"0.06"}],"timestamp":"1768250236327","event_type":"price_change"}}
{"schema_version":1,"source":"clob_ws_market","recv_ts_ns":1768250236497528440,"event_type":"price_change","market":"0xe51aa24ab1bbfefce466d642ad98587d13123e4ef95ec9aa73b712e775d4cbba","server_ts_ms":1768250236334,"raw":{"market":"0xe51aa24ab1bbfefce466d642ad98587d13123e4ef95ec9aa73b712e775d4cbba","price_changes":[{"asset_id":"96886111393998001968863279421729456597655847484197549086072988901191634450924","price":"0.92","size":"2473.36","side":"BUY","hash":"c8642b02b51bfefad0cb47db2545c0ea6d44d96a","best_bid":"0.94","best_ask":"0.95"},{"asset_id":"54232589582260339592359130012520874109228367674780084862642636038394766871668","price":"0.08","size":"2473.36","side":"SELL","hash":"9ad791657f4d1968b0db89a7cb6f2473344016ef","best_bid":"0.05","best_ask":"0.06"}],"timestamp":"1768250236334","event_type":"price_change"}}
{"schema_version":1,"source":"clob_ws_market","recv_ts_ns":1768250236501456000,"event_type":"price_change","market":"0xe51aa24ab1bbfefce466d642ad98587d13123e4ef95ec9aa73b712e775d4cbba","server_ts_ms":1768250236341,"raw":{"market":"0xe51aa24ab1bbfefce466d642ad98587d13123e4ef95ec9aa73b712e775d4cbba","price_changes":[{"asset_id":"96886111393998001968863279421729456597655847484197549086072988901191634450924","price":"0.93","size":"1467.82","side":"BUY","hash":"61209e8b5f0bd4e8a5e6db3e18838b662f58c16a","best_bid":"0.94","best_ask":"0.95"},{"asset_id":"54232589582260339592359130012520874109228367674780084862642636038394766871668","price":"0.07","size":"1467.82","side":"SELL","hash":"121f4fa3ebb9fc74cadd16ab6f1bdf3da4d4cc89","best_bid":"0.05","best_ask":"0.06"}],"timestamp":"1768250236341","event_type":"price_change"}}
{"schema_version":1,"source":"clob_ws_market","recv_ts_ns":1768250236509354165,"event_type":"price_change","market":"0xe51aa24ab1bbfefce466d642ad98587d13123e4ef95ec9aa73b712e775d4cbba","server_ts_ms":1768250236348,"raw":{"market":"0xe51aa24ab1bbfefce466d642ad98587d13123e4ef95ec9aa73b712e775d4cbba","price_changes":[{"asset_id":"96886111393998001968863279421729456597655847484197549086072988901191634450924","price":"0.94","size":"1273.88","side":"BUY","hash":"2922e15927894e11e8a083f0d57ce696175ef821","best_bid":"0.94","best_ask":"0.95"},{"asset_id":"54232589582260339592359130012520874109228367674780084862642636038394766871668","price":"0.06","size":"1273.88","side":"SELL","hash":"ec944c579b54f06d4cef9ddb8549f48bafc37146","best_bid":"0.05","best_ask":"0.06"}],"timestamp":"1768250236348","event_type":"price_change"}}
{"schema_version":1,"source":"clob_ws_market","recv_ts_ns":1768250236515802730,"event_type":"price_change","market":"0xe51aa24ab1bbfefce466d642ad98587d13123e4ef95ec9aa73b712e775d4cbba","server_ts_ms":1768250236350,"raw":{"market":"0xe51aa24ab1bbfefce466d642ad98587d13123e4ef95ec9aa73b712e775d4cbba","price_changes":[{"asset_id":"54232589582260339592359130012520874109228367674780084862642636038394766871668","price":"0.06","size":"1298.88","side":"SELL","hash":"21f412f2898949d7ffda7e6f4fd45017b5d62f14","best_bid":"0.05","best_ask":"0.06"},{"asset_id":"96886111393998001968863279421729456597655847484197549086072988901191634450924","price":"0.94","size":"1298.88","side":"BUY","hash":"5b7e3062a3cd40abe5449f0318ea903c89f68619","best_bid":"0.94","best_ask":"0.95"}],"timestamp":"1768250236350","event_type":"price_change"}}
{"schema_version":1,"source":"clob_ws_market","recv_ts_ns":1768250236541135595,"event_type":"best_bid_ask","market":"0xe51aa24ab1bbfefce466d642ad98587d13123e4ef95ec9aa73b712e775d4cbba","server_ts_ms":1768250236361,"raw":{"market":"0xe51aa24ab1bbfefce466d642ad98587d13123e4ef95ec9aa73b712e775d4cbba","asset_id":"54232589582260339592359130012520874109228367674780084862642636038394766871668","best_bid":"0.05","best_ask":"0.06","spread":"0.01","timestamp":"1768250236361","event_type":"best_bid_ask"}}
{"schema_version":1,"source":"clob_ws_market","recv_ts_ns":1768250236546219030,"event_type":"price_change","market":"0xe51aa24ab1bbfefce466d642ad98587d13123e4ef95ec9aa73b712e775d4cbba","server_ts_ms":1768250236360,"raw":{"market":"0xe51aa24ab1bbfefce466d642ad98587d13123e4ef95ec9aa73b712e775d4cbba","price_changes":[{"asset_id":"54232589582260339592359130012520874109228367674780084862642636038394766871668","price":"0.05","size":"1598.07","side":"BUY","hash":"acb2ff8b41b198823509837bc517e50483303d20","best_bid":"0.05","best_ask":"0.06"},{"asset_id":"96886111393998001968863279421729456597655847484197549086072988901191634450924","price":"0.95","size":"1598.07","side":"SELL","hash":"8381eef8d23b12c9fdb02c71b5a105b9d31c2833","best_bid":"0.94","best_ask":"0.95"}],"timestamp":"1768250236360","event_type":"price_change"}}
{"schema_version":1,"source":"clob_ws_market","recv_ts_ns":1768250236552767691,"event_type":"book","market":"0xe51aa24ab1bbfefce466d642ad98587d13123e4ef95ec9aa73b712e775d4cbba","server_ts_ms":1768250236360,"raw":{"market":"0xe51aa24ab1bbfefce466d642ad98587d13123e4ef95ec9aa73b712e775d4cbba","asset_id":"54232589582260339592359130012520874109228367674780084862642636038394766871668","bids":[{"price":"0.01","size":"21008.91"},{"price":"0.02","size":"6845.25"},{"price":"0.03","size":"2411.6"},{"price":"0.04","size":"309.9"},{"price":"0.05","size":"1598.07"}],"asks":[{"price":"0.99","size":"24280.24"},{"price":"0.98","size":"7594.51"},{"price":"0.97","size":"5964.69"},{"price":"0.96","size":"5411.4"},{"price":"0.95","size":"5356.39"},{"price":"0.94","size":"5328"},{"price":"0.93","size":"5039.28"},{"price":"0.92","size":"5022.7"},{"price":"0.91","size":"5320.9"},{"price":"0.9","size":"5158.44"},{"price":"0.89","size":"18.3"},{"price":"0.88","size":"30.3"},{"price":"0.87","size":"16.5"},{"price":"0.86","size":"15.8"},{"price":"0.85","size":"104.19"},{"price":"0.84","size":"24.69"},{"price":"0.83","size":"14.19"},{"price":"0.82","size":"13.8"},{"price":"0.81","size":"13.4"},{"price":"0.8","size":"38.1"},{"price":"0.79","size":"12.8"},{"price":"0.78","size":"12.6"},{"price":"0.77","size":"12.3"},{"price":"0.76","size":"22.1"},{"price":"0.75","size":"16.9"},{"price":"0.74","size":"21.8"},{"price":"0.73","size":"11.6"},{"price":"0.72","size":"11.4"},{"price":"0.71","size":"61.3"},{"price":"0.7","size":"26.2"},{"price":"0.69","size":"11.1"},{"price":"0.68","size":"11"},{"price":"0.67","size":"110.9"},{"price":"0.66","size":"10.8"},{"price":"0.65","size":"15.7"},{"price":"0.64","size":"10.6"},{"price":"0.63","size":"10.6"},{"price":"0.62","size":"22.5"},{"price":"0.61","size":"10.5"},{"price":"0.6","size":"45.4"},{"price":"0.59","size":"311.4"},{"price":"0.58","size":"820.82"},{"price":"0.57","size":"826.3"},{"price":"0.56","size":"1062.3"},{"price":"0.55","size":"582.3"},{"price":"0.54","size":"626.2"},{"price":"0.53","size":"562.2"},{"price":"0.52","size":"567.2"},{"price":"0.51","size":"573.2"},{"price":"0.5","size":"917.2"},{"price":"0.49","size":"597.2"},{"price":"0.48","size":"590.2"},{"price":"0.47","size":"567.2"},{"price":"0.46","size":"636.61"},{"price":"0.45","size":"362.97"},{"price":"0.44","size":"341.3"},{"price":"0.43","size":"320.62"},{"price":"0.42","size":"567.3"},{"price":"0.41","size":"562.4"},{"price":"0.4","size":"693.02"},{"price":"0.39","size":"593.5"},{"price":"0.38","size":"604.5"},{"price":"0.37","size":"672.32"},{"price":"0.36","size":"680.6"},{"price":"0.35","size":"536.14"},{"price":"0.34","size":"602.8"},{"price":"0.33","size":"572.9"},{"price":"0.32","size":"573"},{"price":"0.31","size":"595.1"},{"price":"0.3","size":"603.2"},{"price":"0.29","size":"1318.72"},{"price":"0.28","size":"1043.04"},{"price":"0.27","size":"663.6"},{"price":"0.26","size":"911.17"},{"price":"0.25","size":"694.3"},{"price":"0.24","size":"717.6"},{"price":"0.23","size":"1183.3"},{"price":"0.22","size":"1526.53"},{"price":"0.21","size":"1178.8"},{"price":"0.2","size":"1445.08"},{"price":"0.19","size":"1229.8"},{"price":"0.18","size":"1467.57"},{"price":"0.17","size":"1672.41"},{"price":"0.16","size":"1815.59"},{"price":"0.15","size":"1810.78"},{"price":"0.14","size":"1506.7"},{"price":"0.13","size":"1788.93"},{"price":"0.12","size":"2355.4"},{"price":"0.11","size":"1792.8"},{"price":"0.1","size":"3396.27"},{"price":"0.09","size":"3017.44"},{"price":"0.08","size":"2473.36"},{"price":"0.07","size":"1467.82"},{"price":"0.06","size":"1298.88"}],"hash":"acb2ff8b41b198823509837bc517e50483303d20","timestamp":"1768250236360","event_type":"book"}}
{"schema_version":1,"source":"clob_ws_market","recv_ts_ns":1768250236561686757,"event_type":"price_change","market":"0xe51aa24ab1bbfefce466d642ad98587d13123e4ef95ec9aa73b712e775d4cbba","server_ts_ms":1768250236367,"raw":{"market":"0xe51aa24ab1bbfefce466d642ad98587d13123e4ef95ec9aa73b712e775d4cbba","price_changes":[{"asset_id":"96886111393998001968863279421729456597655847484197549086072988901191634450924","price":"0.95","size":"1618.07","side":"SELL","hash":"bfedaf077907c9dd35311553742a26ed18245f2c","best_bid":"0.94","best_ask":"0.95"},{"asset_id":"54232589582260339592359130012520874109228367674780084862642636038394766871668","price":"0.05","size":"1618.07","side":"BUY","hash":"0943859f7325a564e4d7b3c52798767597515a8b","best_bid":"0.05","best_ask":"0.06"}],"timestamp":"1768250236367","event_type":"price_change"}}
{"schema_version":1,"source":"clob_ws_market","recv_ts_ns":1768250236608631556,"event_type":"price_change","market":"0xe51aa24ab1bbfefce466d642ad98587d13123e4ef95ec9aa73b712e775d4cbba","server_ts_ms":1768250236424,"raw":{"market":"0xe51aa24ab1bbfefce466d642ad98587d13123e4ef95ec9aa73b712e775d4cbba","price_changes":[{"asset_id":"96886111393998001968863279421729456597655847484197549086072988901191634450924","price":"0.94","size":"1286.88","side":"BUY","hash":"2b1e49317cf73127fe0ef77ccf0db426acec5156","best_bid":"0.94","best_ask":"0.95"},{"asset_id":"54232589582260339592359130012520874109228367674780084862642636038394766871668","price":"0.06","size":"1286.88","side":"SELL","hash":"851ad47b3cff19bf4de74f5576449543c4c4f613","best_bid":"0.05","best_ask":"0.06"}],"timestamp":"1768250236424","event_type":"price_change"}}
{"schema_version":1,"source":"clob_ws_market","recv_ts_ns":1768250236612342624,"event_type":"price_change","market":"0xe51aa24ab1bbfefce466d642ad98587d13123e4ef95ec9aa73b712e775d4cbba","server_ts_ms":1768250236442,"raw":{"market":"0xe51aa24ab1bbfefce466d642ad98587d13123e4ef95ec9aa73b712e775d4cbba","price_changes":[{"asset_id":"96886111393998001968863279421729456597655847484197549086072988901191634450924","price":"0.73","size":"668.6","side":"BUY","hash":"8779ff23ba7dea3450de3666a3083a4bdc7b560c","best_bid":"0.94","best_ask":"0.95"},{"asset_id":"54232589582260339592359130012520874109228367674780084862642636038394766871668","price":"0.27","size":"668.6","side":"SELL","hash":"2f533b4fa521fe35126b09aafadd5922dc272d2a","best_bid":"0.05","best_ask":"0.06"}],"timestamp":"1768250236442","event_type":"price_change"}}
{"schema_version":1,"source":"clob_ws_market","recv_ts_ns":1768250236615980636,"event_type":"price_change","market":"0xe51aa24ab1bbfefce466d642ad98587d13123e4ef95ec9aa73b712e775d4cbba","server_ts_ms":1768250236475,"raw":{"market":"0xe51aa24ab1bbfefce466d642ad98587d13123e4ef95ec9aa73b712e775d4cbba","price_changes":[{"asset_id":"96886111393998001968863279421729456597655847484197549086072988901191634450924","price":"0.92","size":"2448.36","side":"BUY","hash":"da6e202b5ddb34d87837d37e502f0fe5d30b057c","best_bid":"0.94","best_ask":"0.95"},{"asset_id":"54232589582260339592359130012520874109228367674780084862642636038394766871668","price":"0.08","size":"2448.36","side":"SELL","hash":"35d7d3e9c5b537901fa7655373c90842c7ec005d","best_bid":"0.05","best_ask":"0.06"}],"timestamp":"1768250236475","event_type":"price_change"}}
{"schema_version":1,"source":"clob_ws_market","recv_ts_ns":1768250236619525723,"event_type":"price_change","market":"0xe51aa24ab1bbfefce466d642ad98587d13123e4ef95ec9aa73b712e775d4cbba","server_ts_ms":1768250236476,"raw":{"market":"0xe51aa24ab1bbfefce466d642ad98587d13123e4ef95ec9aa73b712e775d4cbba","price_changes":[{"asset_id":"96886111393998001968863279421729456597655847484197549086072988901191634450924","price":"0.93","size":"1442.82","side":"BUY","hash":"99990587ff91a5cb7ee690391a42addf25dbca2d","best_bid":"0.94","best_ask":"0.95"},{"asset_id":"54232589582260339592359130012520874109228367674780084862642636038394766871668","price":"0.07","size":"1442.82","side":"SELL","hash":"093497883a04884798209fae01b2c1dab2547112","best_bid":"0.05","best_ask":"0.06"}],"timestamp":"1768250236476","event_type":"price_change"}}
{"schema_version":1,"source":"clob_ws_market","recv_ts_ns":1768250236623199565,"event_type":"price_change","market":"0xe51aa24ab1bbfefce466d642ad98587d13123e4ef95ec9aa73b712e775d4cbba","server_ts_ms":1768250236478,"raw":{"market":"0xe51aa24ab1bbfefce466d642ad98587d13123e4ef95ec9aa73b712e775d4cbba","price_changes":[{"asset_id":"54232589582260339592359130012520874109228367674780084862642636038394766871668","price":"0.08","size":"2423.36","side":"SELL","hash":"a504b82255fa6b1d66fcb209600ce52f389f92c3","best_bid":"0.05","best_ask":"0.06"},{"asset_id":"96886111393998001968863279421729456597655847484197549086072988901191634450924","price":"0.92","size":"2423.36","side":"BUY","hash":"ac80152a77703f6fbb10eb34e3e6085860d85292","best_bid":"0.94","best_ask":"0.95"}],"timestamp":"1768250236478","event_type":"price_change"}}
{"schema_version":1,"source":"clob_ws_market","recv_ts_ns":1768250236628042567,"event_type":"price_change","market":"0xe51aa24ab1bbfefce466d642ad98587d13123e4ef95ec9aa73b712e775d4cbba","server_ts_ms":1768250236479,"raw":{"market":"0xe51aa24ab1bbfefce466d642ad98587d13123e4ef95ec9aa73b712e775d4cbba","price_changes":[{"asset_id":"54232589582260339592359130012520874109228367674780084862642636038394766871668","price":"0.07","size":"1467.82","side":"SELL","hash":"8d14614798fab2ee307ad2dd6d846bbafd87cdbd","best_bid":"0.05","best_ask":"0.06"},{"asset_id":"96886111393998001968863279421729456597655847484197549086072988901191634450924","price":"0.93","size":"1467.82","side":"BUY","hash":"862a982aeef3a6de2acebce53e89a6036d421e54","best_bid":"0.94","best_ask":"0.95"}],"timestamp":"1768250236479","event_type":"price_change"}}
{"schema_version":1,"source":"clob_ws_market","recv_ts_ns":1768250236632456650,"event_type":"price_change","market":"0xe51aa24ab1bbfefce466d642ad98587d13123e4ef95ec9aa73b712e775d4cbba","server_ts_ms":1768250236481,"raw":{"market":"0xe51aa24ab1bbfefce466d642ad98587d13123e4ef95ec9aa73b712e775d4cbba","price_changes":[{"asset_id":"96886111393998001968863279421729456597655847484197549086072988901191634450924","price":"0.93","size":"1492.82","side":"BUY","hash":"b61a1c33932f37ee34cbdb86a96e3bd02fb4c25a","best_bid":"0.94","best_ask":"0.95"},{"asset_id":"54232589582260339592359130012520874109228367674780084862642636038394766871668","price":"0.07","size":"1492.82","side":"SELL","hash":"79f5af7617876e15292dde5e8f8a031043e203cf","best_bid":"0.05","best_ask":"0.06"}],"timestamp":"1768250236481","event_type":"price_change"}}
{"schema_version":1,"source":"clob_ws_market","recv_ts_ns":1768250236635727933,"event_type":"price_change","market":"0xe51aa24ab1bbfefce466d642ad98587d13123e4ef95ec9aa73b712e775d4cbba","server_ts_ms":1768250236482,"raw":{"market":"0xe51aa24ab1bbfefce466d642ad98587d13123e4ef95ec9aa73b712e775d4cbba","price_changes":[{"asset_id":"96886111393998001968863279421729456597655847484197549086072988901191634450924","price":"0.94","size":"1311.88","side":"BUY","hash":"271bbf8c9c1bb1c917f058618cda51d2735dd3b4","best_bid":"0.94","best_ask":"0.95"},{"asset_id":"54232589582260339592359130012520874109228367674780084862642636038394766871668","price":"0.06","size":"1311.88","side":"SELL","hash":"e45260d11623f6b91b7283e5f20e5e63fc21e39d","best_bid":"0.05","best_ask":"0.06"}],"timestamp":"1768250236482","event_type":"price_change"}}
{"schema_version":1,"source":"clob_ws_market","recv_ts_ns":1768250236638918837,"event_type":"price_change","market":"0xe51aa24ab1bbfefce466d642ad98587d13123e4ef95ec9aa73b712e775d4cbba","server_ts_ms":1768250236491,"raw":{"market":"0xe51aa24ab1bbfefce466d642ad98587d13123e4ef95ec9aa73b712e775d4cbba","price_changes":[{"asset_id":"96886111393998001968863279421729456597655847484197549086072988901191634450924","price":"0.98","size":"6820.25","side":"SELL","hash":"77dbd1a12a43209bb501d2834916a116d842146d","best_bid":"0.94","best_ask":"0.95"},{"asset_id":"54232589582260339592359130012520874109228367674780084862642636038394766871668","price":"0.02","size":"6820.25","side":"BUY","hash":"419533e4e47cf319f09babf4342836bc9c5e862d","best_bid":"0.05","best_ask":"0.06"}],"timestamp":"1768250236491","event_type":"price_change"}}
{"schema_version":1,"source":"clob_ws_market","recv_ts_ns":1768250236647558782,"event_type":"price_change","market":"0xe51aa24ab1bbfefce466d642ad98587d13123e4ef95ec9aa73b712e775d4cbba","server_ts_ms":1768250236492,"raw":{"market":"0xe51aa24ab1bbfefce466d642ad98587d13123e4ef95ec9aa73b712e775d4cbba","price_changes":[{"asset_id":"96886111393998001968863279421729456597655847484197549086072988901191634450924","price":"0.99","size":"21033.91","side":"SELL","hash":"d95ccf2176d9bf462567786927ed3446246ddcbc","best_bid":"0.94","best_ask":"0.95"},{"asset_id":"54232589582260339592359130012520874109228367674780084862642636038394766871668","price":"0.01","size":"21033.91","side":"BUY","hash":"0cfcab5a60996757ce2210cc01e496a6780e117b","best_bid":"0.05","best_ask":"0.06"}],"timestamp":"1768250236492","event_type":"price_change"}}
{"schema_version":1,"source":"clob_ws_market","recv_ts_ns":1768250236657798307,"event_type":"price_change","market":"0xe51aa24ab1bbfefce466d642ad98587d13123e4ef95ec9aa73b712e775d4cbba","server_ts_ms":1768250236514,"raw":{"market":"0xe51aa24ab1bbfefce466d642ad98587d13123e4ef95ec9aa73b712e775d4cbba","price_changes":[{"asset_id":"96886111393998001968863279421729456597655847484197549086072988901191634450924","price":"0.94","size":"1341.88","side":"BUY","hash":"f7b3430ab4cb8e578e4e9bab697368d5a55ff427","best_bid":"0.94","best_ask":"0.95"},{"asset_id":"54232589582260339592359130012520874109228367674780084862642636038394766871668","price":"0.06","size":"1341.88","side":"SELL","hash":"f7937155b4e8fdb89a4ca78c0dca52c065a85a44","best_bid":"0.05","best_ask":"0.06"}],"timestamp":"1768250236514","event_type":"price_change"}}
{"schema_version":1,"source":"clob_ws_market","recv_ts_ns":1768250236661745634,"event_type":"price_change","market":"0xe51aa24ab1bbfefce466d642ad98587d13123e4ef95ec9aa73b712e775d4cbba","server_ts_ms":1768250236515,"raw":{"market":"0xe51aa24ab1bbfefce466d642ad98587d13123e4ef95ec9aa73b712e775d4cbba","price_changes":[{"asset_id":"54232589582260339592359130012520874109228367674780084862642636038394766871668","price":"0.06","size":"1352.88","side":"SELL","hash":"dde9b9a399fbb94aeba60b38e9a3e9431a6becb9","best_bid":"0.05","best_ask":"0.06"},{"asset_id":"96886111393998001968863279421729456597655847484197549086072988901191634450924","price":"0.94","size":"1352.88","side":"BUY","hash":"b73a9400d35d867a5aca6818ffb6f754ed6a23f0","best_bid":"0.94","best_ask":"0.95"}],"timestamp":"1768250236515","event_type":"price_change"}}
{"schema_version":1,"source":"clob_ws_market","recv_ts_ns":1768250236665978008,"event_type":"price_change","market":"0xe51aa24ab1bbfefce466d642ad98587d13123e4ef95ec9aa73b712e775d4cbba","server_ts_ms":1768250236516,"raw":{"market":"0xe51aa24ab1bbfefce466d642ad98587d13123e4ef95ec9aa73b712e775d4cbba","price_changes":[{"asset_id":"96886111393998001968863279421729456597655847484197549086072988901191634450924","price":"0.94","size":"1367.88","side":"BUY","hash":"827f761a7a1a967819031d0ba711c0b68455bb26","best_bid":"0.94","best_ask":"0.95"},{"asset_id":"54232589582260339592359130012520874109228367674780084862642636038394766871668","price":"0.06","size":"1367.88","side":"SELL","hash":"a95670878fd66ae8b2dfc45fc5d4c28411ae81a7","best_bid":"0.05","best_ask":"0.06"}],"timestamp":"1768250236516","event_type":"price_change"}}
{"schema_version":1,"source":"clob_ws_market","recv_ts_ns":1768250236670368342,"event_type":"price_change","market":"0xe51aa24ab1bbfefce466d642ad98587d13123e4ef95ec9aa73b712e775d4cbba","server_ts_ms":1768250236518,"raw":{"market":"0xe51aa24ab1bbfefce466d642ad98587d13123e4ef95ec9aa73b712e775d4cbba","price_changes":[{"asset_id":"96886111393998001968863279421729456597655847484197549086072988901191634450924","price":"0.94","size":"1618.88","side":"BUY","hash":"832e902ea8e9b780aef1fbbd55ac666996d9111b","best_bid":"0.94","best_ask":"0.95"},{"asset_id":"54232589582260339592359130012520874109228367674780084862642636038394766871668","price":"0.06","size":"1618.88","side":"SELL","hash":"62deeeb98d7eb026ef54b2b7fd3bfd236f5546bc","best_bid":"0.05","best_ask":"0.06"}],"timestamp":"1768250236518","event_type":"price_change"}}
{"schema_version":1,"source":"clob_ws_market","recv_ts_ns":1768250236775179251,"event_type":"best_bid_ask","market":"0xe51aa24ab1bbfefce466d642ad98587d13123e4ef95ec9aa73b712e775d4cbba","server_ts_ms":1768250236571,"raw":{"market":"0xe51aa24ab1bbfefce466d642ad98587d13123e4ef95ec9aa73b712e775d4cbba","asset_id":"54232589582260339592359130012520874109228367674780084862642636038394766871668","best_bid":"0.05","best_ask":"0.06","spread":"0.01","timestamp":"1768250236571","event_type":"best_bid_ask"}}
{"schema_version":1,"source":"clob_ws_market","recv_ts_ns":1768250236779572832,"event_type":"price_change","market":"0xe51aa24ab1bbfefce466d642ad98587d13123e4ef95ec9aa73b712e775d4cbba","server_ts_ms":1768250236570,"raw":{"market":"0xe51aa24ab1bbfefce466d642ad98587d13123e4ef95ec9aa73b712e775d4cbba","price_changes":[{"asset_id":"96886111393998001968863279421729456597655847484197549086072988901191634450924","price":"0.94","size":"1560.88","side":"BUY","hash":"674ddab6248e1e7cd9d0aafb7f8a917627606803","best_bid":"0.94","best_ask":"0.95"},{"asset_id":"54232589582260339592359130012520874109228367674780084862642636038394766871668","price":"0.06","size":"1560.88","side":"SELL","hash":"647e63e8bbeea3e4227368f76970a9ba181b6481","best_bid":"0.05","best_ask":"0.06"}],"timestamp":"1768250236570","event_type":"price_change"}}
{"schema_version":1,"source":"clob_ws_market","recv_ts_ns":1768250236784954236,"event_type":"book","market":"0xe51aa24ab1bbfefce466d642ad98587d13123e4ef95ec9aa73b712e775d4cbba","server_ts_ms":1768250236570,"raw":{"market":"0xe51aa24ab1bbfefce466d642ad98587d13123e4ef95ec9aa73b712e775d4cbba","asset_id":"54232589582260339592359130012520874109228367674780084862642636038394766871668","bids":[{"price":"0.01","size":"21033.91"},{"price":"0.02","size":"6820.25"},{"price":"0.03","size":"2411.6"},{"price":"0.04","size":"309.9"},{"price":"0.05","size":"1618.07"}],"asks":[{"price":"0.99","size":"24280.24"},{"price":"0.98","size":"7594.51"},{"price":"0.97","size":"5964.69"},{"price":"0.96","size":"5411.4"},{"price":"0.95","size":"5356.39"},{"price":"0.94","size":"5328"},{"price":"0.93","size":"5039.28"},{"price":"0.92","size":"5022.7"},{"price":"0.91","size":"5320.9"},{"price":"0.9","size":"5158.44"},{"price":"0.89","size":"18.3"},{"price":"0.88","size":"30.3"},{"price":"0.87","size":"16.5"},{"price":"0.86","size":"15.8"},{"price":"0.85","size":"104.19"},{"price":"0.84","size":"24.69"},{"price":"0.83","size":"14.19"},{"price":"0.82","size":"13.8"},{"price":"0.81","size":"13.4"},{"price":"0.8","size":"38.1"},{"price":"0.79","size":"12.8"},{"price":"0.78","size":"12.6"},{"price":"0.77","size":"12.3"},{"price":"0.76","size":"22.1"},{"price":"0.75","size":"16.9"},{"price":"0.74","size":"21.8"},{"price":"0.73","size":"11.6"},{"price":"0.72","size":"11.4"},{"price":"0.71","size":"61.3"},{"price":"0.7","size":"26.2"},{"price":"0.69","size":"11.1"},{"price":"0.68","size":"11"},{"price":"0.67","size":"110.9"},{"price":"0.66","size":"10.8"},{"price":"0.65","size":"15.7"},{"price":"0.64","size":"10.6"},{"price":"0.63","size":"10.6"},{"price":"0.62","size":"22.5"},{"price":"0.61","size":"10.5"},{"price":"0.6","size":"45.4"},{"price":"0.59","size":"311.4"},{"price":"0.58","size":"820.82"},{"price":"0.57","size":"826.3"},{"price":"0.56","size":"1062.3"},{"price":"0.55","size":"582.3"},{"price":"0.54","size":"626.2"},{"price":"0.53","size":"562.2"},{"price":"0.52","size":"567.2"},{"price":"0.51","size":"573.2"},{"price":"0.5","size":"917.2"},{"price":"0.49","size":"597.2"},{"price":"0.48","size":"590.2"},{"price":"0.47","size":"567.2"},{"price":"0.46","size":"636.61"},{"price":"0.45","size":"362.97"},{"price":"0.44","size":"341.3"},{"price":"0.43","size":"320.62"},{"price":"0.42","size":"567.3"},{"price":"0.41","size":"562.4"},{"price":"0.4","size":"693.02"},{"price":"0.39","size":"593.5"},{"price":"0.38","size":"604.5"},{"price":"0.37","size":"672.32"},{"price":"0.36","size":"680.6"},{"price":"0.35","size":"536.14"},{"price":"0.34","size":"602.8"},{"price":"0.33","size":"572.9"},{"price":"0.32","size":"573"},{"price":"0.31","size":"595.1"},{"price":"0.3","size":"603.2"},{"price":"0.29","size":"1318.72"},{"price":"0.28","size":"1043.04"},{"price":"0.27","size":"668.6"},{"price":"0.26","size":"911.17"},{"price":"0.25","size":"694.3"},{"price":"0.24","size":"717.6"},{"price":"0.23","size":"1183.3"},{"price":"0.22","size":"1526.53"},{"price":"0.21","size":"1178.8"},{"price":"0.2","size":"1445.08"},{"price":"0.19","size":"1229.8"},{"price":"0.18","size":"1467.57"},{"price":"0.17","size":"1672.41"},{"price":"0.16","size":"1815.59"},{"price":"0.15","size":"1810.78"},{"price":"0.14","size":"1506.7"},{"price":"0.13","size":"1788.93"},{"price":"0.12","size":"2355.4"},{"price":"0.11","size":"1792.8"},{"price":"0.1","size":"3396.27"},{"price":"0.09","size":"3017.44"},{"price":"0.08","size":"2423.36"},{"price":"0.07","size":"1492.82"},{"price":"0.06","size":"1560.88"}],"hash":"647e63e8bbeea3e4227368f76970a9ba181b6481","timestamp":"1768250236570","event_type":"book"}}
{"schema_version":1,"source":"clob_ws_market","recv_ts_ns":1768250236794761394,"event_type":"price_change","market":"0xe51aa24ab1bbfefce466d642ad98587d13123e4ef95ec9aa73b712e775d4cbba","server_ts_ms":1768250236572,"raw":{"market":"0xe51aa24ab1bbfefce466d642ad98587d13123e4ef95ec9aa73b712e775d4cbba","price_changes":[{"asset_id":"96886111393998001968863279421729456597655847484197549086072988901191634450924","price":"0.92","size":"2724.36","side":"BUY","hash":"8a2f22a1f5454893f3dd0b7eb7d553f24808be56","best_bid":"0.94","best_ask":"0.95"},{"asset_id":"54232589582260339592359130012520874109228367674780084862642636038394766871668","price":"0.08","size":"2724.36","side":"SELL","hash":"b6766c2baa0ad154e6fb12399ab760c0347a0d98","best_bid":"0.05","best_ask":"0.06"}],"timestamp":"1768250236572","event_type":"price_change"}}
{"schema_version":1,"source":"clob_ws_market","recv_ts_ns":1768250236799097031,"event_type":"price_change","market":"0xe51aa24ab1bbfefce466d642ad98587d13123e4ef95ec9aa73b712e775d4cbba","server_ts_ms":1768250236573,"raw":{"market":"0xe51aa24ab1bbfefce466d642ad98587d13123e4ef95ec9aa73b712e775d4cbba","price_changes":[{"asset_id":"96886111393998001968863279421729456597655847484197549086072988901191634450924","price":"0.94","size":"1544.88","side":"BUY","hash":"58bd322a4e4a0ccf7897ce6c1f01582cdbcb0e53","best_bid":"0.94","best_ask":"0.95"},{"asset_id":"54232589582260339592359130012520874109228367674780084862642636038394766871668","price":"0.06","size":"1544.88","side":"SELL","hash":"cd83e6c9b91e45c1b64faf149f821c40a45ccb4b","best_bid":"0.05","best_ask":"0.06"}],"timestamp":"1768250236573","event_type":"price_change"}}
{"schema_version":1,"source":"clob_ws_market","recv_ts_ns":1768250236803524369,"event_type":"price_change","market":"0xe51aa24ab1bbfefce466d642ad98587d13123e4ef95ec9aa73b712e775d4cbba","server_ts_ms":1768250236574,"raw":{"market":"0xe51aa24ab1bbfefce466d642ad98587d13123e4ef95ec9aa73b712e775d4cbba","price_changes":[{"asset_id":"96886111393998001968863279421729456597655847484197549086072988901191634450924","price":"0.94","size":"1508.88","side":"BUY","hash":"3b6241b992c9109de7b5e3e1159e6d80660db092","best_bid":"0.94","best_ask":"0.95"},{"asset_id":"54232589582260339592359130012520874109228367674780084862642636038394766871668","price":"0.06","size":"1508.88","side":"SELL","hash":"d5ecb1b0393acb2fc2cdbe9b7655139cc7565ff9","best_bid":"0.05","best_ask":"0.06"}],"timestamp":"1768250236574","event_type":"price_change"}}
{"schema_version":1,"source":"clob_ws_market","recv_ts_ns":1768250236807675506,"event_type":"price_change","market":"0xe51aa24ab1bbfefce466d642ad98587d13123e4ef95ec9aa73b712e775d4cbba","server_ts_ms":1768250236575,"raw":{"market":"0xe51aa24ab1bbfefce466d642ad98587d13123e4ef95ec9aa73b712e775d4cbba","price_changes":[{"asset_id":"96886111393998001968863279421729456597655847484197549086072988901191634450924","price":"0.94","size":"1538.88","side":"BUY","hash":"ca941859dab88623541e41001d1aefb8024540d9","best_bid":"0.94","best_ask":"0.95"},{"asset_id":"54232589582260339592359130012520874109228367674780084862642636038394766871668","price":"0.06","size":"1538.88","side":"SELL","hash":"7cde499508d815aa8f76216ebe45e020ce1abbb2","best_bid":"0.05","best_ask":"0.06"}],"timestamp":"1768250236575","event_type":"price_change"}}
{"schema_version":1,"source":"clob_ws_market","recv_ts_ns":1768250236812096456,"event_type":"price_change","market":"0xe51aa24ab1bbfefce466d642ad98587d13123e4ef95ec9aa73b712e775d4cbba","server_ts_ms":1768250236577,"raw":{"market":"0xe51aa24ab1bbfefce466d642ad98587d13123e4ef95ec9aa73b712e775d4cbba","price_changes":[{"asset_id":"96886111393998001968863279421729456597655847484197549086072988901191634450924","price":"0.95","size":"1612.57","side":"SELL","hash":"4cc8a3b6f6719d003885eb8a43162acac77ebefb","best_bid":"0.94","best_ask":"0.95"},{"asset_id":"54232589582260339592359130012520874109228367674780084862642636038394766871668","price":"0.05","size":"1612.57","side":"BUY","hash":"64db6d98a258f723670608ef17ee3f8f75a3eaa6","best_bid":"0.05","best_ask":"0.06"}],"timestamp":"1768250236577","event_type":"price_change"}}
{"schema_version":1,"source":"clob_ws_market","recv_ts_ns":1768250236815895787,"event_type":"price_change","market":"0xe51aa24ab1bbfefce466d642ad98587d13123e4ef95ec9aa73b712e775d4cbba","server_ts_ms":1768250236577,"raw":{"market":"0xe51aa24ab1bbfefce466d642ad98587d13123e4ef95ec9aa73b712e775d4cbba","price_changes":[{"asset_id":"54232589582260339592359130012520874109228367674780084862642636038394766871668","price":"0.03","size":"2395.6","side":"BUY","hash":"29a4a0335165621cb2979f6261a2e2f3aaf51bb2","best_bid":"0.05","best_ask":"0.06"},{"asset_id":"96886111393998001968863279421729456597655847484197549086072988901191634450924","price":"0.97","size":"2395.6","side":"SELL","hash":"035f4514dfb0e0db88d1a4e9c78ec53512f3b58b","best_bid":"0.94","best_ask":"0.95"}],"timestamp":"1768250236577","event_type":"price_change"}}
{"schema_version":1,"source":"clob_ws_market","recv_ts_ns":1768250236824710969,"event_type":"best_bid_ask","market":"0xe51aa24ab1bbfefce466d642ad98587d13123e4ef95ec9aa73b712e775d4cbba","server_ts_ms":1768250236583,"raw":{"market":"0xe51aa24ab1bbfefce466d642ad98587d13123e4ef95ec9aa73b712e775d4cbba","asset_id":"54232589582260339592359130012520874109228367674780084862642636038394766871668","best_bid":"0.05","best_ask":"0.06","spread":"0.01","timestamp":"1768250236583","event_type":"best_bid_ask"}}
{"schema_version":1,"source":"clob_ws_market","recv_ts_ns":1768250236829548062,"event_type":"price_change","market":"0xe51aa24ab1bbfefce466d642ad98587d13123e4ef95ec9aa73b712e775d4cbba","server_ts_ms":1768250236582,"raw":{"market":"0xe51aa24ab1bbfefce466d642ad98587d13123e4ef95ec9aa73b712e775d4cbba","price_changes":[{"asset_id":"54232589582260339592359130012520874109228367674780084862642636038394766871668","price":"0.05","size":"1583.57","side":"BUY","hash":"7488a47533dd0ac419d4d138f34e43d1cab89f05","best_bid":"0.05","best_ask":"0.06"},{"asset_id":"96886111393998001968863279421729456597655847484197549086072988901191634450924","price":"0.95","size":"1583.57","side":"SELL","hash":"6137644e8535d439d6675026caecc3621a1b98fa","best_bid":"0.94","best_ask":"0.95"}],"timestamp":"1768250236582","event_type":"price_change"}}
{"schema_version":1,"source":"clob_ws_market","recv_ts_ns":1768250236833928924,"event_type":"price_change","market":"0xe51aa24ab1bbfefce466d642ad98587d13123e4ef95ec9aa73b712e775d4cbba","server_ts_ms":1768250236582,"raw":{"market":"0xe51aa24ab1bbfefce466d642ad98587d13123e4ef95ec9aa73b712e775d4cbba","price_changes":[{"asset_id":"96886111393998001968863279421729456597655847484197549086072988901191634450924","price":"0.95","size":"1583.57","side":"SELL","hash":"6137644e8535d439d6675026caecc3621a1b98fa","best_bid":"0.94","best_ask":"0.95"},{"asset_id":"54232589582260339592359130012520874109228367674780084862642636038394766871668","price":"0.05","size":"1583.57","side":"BUY","hash":"7488a47533dd0ac419d4d138f34e43d1cab89f05","best_bid":"0.05","best_ask":"0.06"}],"timestamp":"1768250236582","event_type":"price_change"}}
{"schema_version":1,"source":"clob_ws_market","recv_ts_ns":1768250236840981601,"event_type":"book","market":"0xe51aa24ab1bbfefce466d642ad98587d13123e4ef95ec9aa73b712e775d4cbba","server_ts_ms":1768250236582,"raw":{"market":"0xe51aa24ab1bbfefce466d642ad98587d13123e4ef95ec9aa73b712e775d4cbba","asset_id":"54232589582260339592359130012520874109228367674780084862642636038394766871668","bids":[{"price":"0.01","size":"21033.91"},{"price":"0.02","size":"6820.25"},{"price":"0.03","size":"2395.6"},{"price":"0.04","size":"309.9"},{"price":"0.05","size":"1583.57"}],"asks":[{"price":"0.99","size":"24280.24"},{"price":"0.98","size":"7594.51"},{"price":"0.97","size":"5964.69"},{"price":"0.96","size":"5411.4"},{"price":"0.95","size":"5356.39"},{"price":"0.94","size":"5328"},{"price":"0.93","size":"5039.28"},{"price":"0.92","size":"5022.7"},{"price":"0.91","size":"5320.9"},{"price":"0.9","size":"5158.44"},{"price":"0.89","size":"18.3"},{"price":"0.88","size":"30.3"},{"price":"0.87","size":"16.5"},{"price":"0.86","size":"15.8"},{"price":"0.85","size":"104.19"},{"price":"0.84","size":"24.69"},{"price":"0.83","size":"14.19"},{"price":"0.82","size":"13.8"},{"price":"0.81","size":"13.4"},{"price":"0.8","size":"38.1"},{"price":"0.79","size":"12.8"},{"price":"0.78","size":"12.6"},{"price":"0.77","size":"12.3"},{"price":"0.76","size":"22.1"},{"price":"0.75","size":"16.9"},{"price":"0.74","size":"21.8"},{"price":"0.73","size":"11.6"},{"price":"0.72","size":"11.4"},{"price":"0.71","size":"61.3"},{"price":"0.7","size":"26.2"},{"price":"0.69","size":"11.1"},{"price":"0.68","size":"11"},{"price":"0.67","size":"110.9"},{"price":"0.66","size":"10.8"},{"price":"0.65","size":"15.7"},{"price":"0.64","size":"10.6"},{"price":"0.63","size":"10.6"},{"price":"0.62","size":"22.5"},{"price":"0.61","size":"10.5"},{"price":"0.6","size":"45.4"},{"price":"0.59","size":"311.4"},{"price":"0.58","size":"820.82"},{"price":"0.57","size":"826.3"},{"price":"0.56","size":"1062.3"},{"price":"0.55","size":"582.3"},{"price":"0.54","size":"626.2"},{"price":"0.53","size":"562.2"},{"price":"0.52","size":"567.2"},{"price":"0.51","size":"573.2"},{"price":"0.5","size":"917.2"},{"price":"0.49","size":"597.2"},{"price":"0.48","size":"590.2"},{"price":"0.47","size":"567.2"},{"price":"0.46","size":"636.61"},{"price":"0.45","size":"362.97"},{"price":"0.44","size":"341.3"},{"price":"0.43","size":"320.62"},{"price":"0.42","size":"567.3"},{"price":"0.41","size":"562.4"},{"price":"0.4","size":"693.02"},{"price":"0.39","size":"593.5"},{"price":"0.38","size":"604.5"},{"price":"0.37","size":"672.32"},{"price":"0.36","size":"680.6"},{"price":"0.35","size":"536.14"},{"price":"0.34","size":"602.8"},{"price":"0.33","size":"572.9"},{"price":"0.32","size":"573"},{"price":"0.31","size":"595.1"},{"price":"0.3","size":"603.2"},{"price":"0.29","size":"1318.72"},{"price":"0.28","size":"1043.04"},{"price":"0.27","size":"668.6"},{"price":"0.26","size":"911.17"},{"price":"0.25","size":"694.3"},{"price":"0.24","size":"717.6"},{"price":"0.23","size":"1183.3"},{"price":"0.22","size":"1526.53"},{"price":"0.21","size":"1178.8"},{"price":"0.2","size":"1445.08"},{"price":"0.19","size":"1229.8"},{"price":"0.18","size":"1467.57"},{"price":"0.17","size":"1672.41"},{"price":"0.16","size":"1815.59"},{"price":"0.15","size":"1810.78"},{"price":"0.14","size":"1506.7"},{"price":"0.13","size":"1788.93"},{"price":"0.12","size":"2355.4"},{"price":"0.11","size":"1792.8"},{"price":"0.1","size":"3396.27"},{"price":"0.09","size":"3017.44"},{"price":"0.08","size":"2724.36"},{"price":"0.07","size":"1492.82"},{"price":"0.06","size":"1538.88"}],"hash":"7488a47533dd0ac419d4d138f34e43d1cab89f05","timestamp":"1768250236582","event_type":"book"}}
{"schema_version":1,"source":"clob_ws_market","recv_ts_ns":1768250236852564600,"event_type":"price_change","market":"0xe51aa24ab1bbfefce466d642ad98587d13123e4ef95ec9aa73b712e775d4cbba","server_ts_ms":1768250236584,"raw":{"market":"0xe51aa24ab1bbfefce466d642ad98587d13123e4ef95ec9aa73b712e775d4cbba","price_changes":[{"asset_id":"96886111393998001968863279421729456597655847484197549086072988901191634450924","price":"0.94","size":"1550.88","side":"BUY","hash":"ee7ff813919b40b9ecd5a71c5bce298b1c252e0b","best_bid":"0.94","best_ask":"0.95"},{"asset_id":"54232589582260339592359130012520874109228367674780084862642636038394766871668","price":"0.06","size":"1550.88","side":"SELL","hash":"de92250440a26ce19d6d55f924f9aff9e536d28d","best_bid":"0.05","best_ask":"0.06"}],"timestamp":"1768250236584","event_type":"price_change"}}
{"schema_version":1,"source":"clob_ws_market","recv_ts_ns":1768250236857223174,"event_type":"price_change","market":"0xe51aa24ab1bbfefce466d642ad98587d13123e4ef95ec9aa73b712e775d4cbba","server_ts_ms":1768250236585,"raw":{"market":"0xe51aa24ab1bbfefce466d642ad98587d13123e4ef95ec9aa73b712e775d4cbba","price_changes":[{"asset_id":"96886111393998001968863279421729456597655847484197549086072988901191634450924","price":"0.98","size":"6845.25","side":"SELL","hash":"f5f94e92fd72335aa8d9bdef990dc1ca47474097","best_bid":"0.94","best_ask":"0.95"},{"asset_id":"54232589582260339592359130012520874109228367674780084862642636038394766871668","price":"0.02","size":"6845.25","side":"BUY","hash":"04dab2a828899df792e89cbf421bbab0d59dc3ae","best_bid":"0.05","best_ask":"0.06"}],"timestamp":"1768250236585","event_type":"price_change"}}
{"schema_version":1,"source":"clob_ws_market","recv_ts_ns":1768250236861738845,"event_type":"price_change","market":"0xe51aa24ab1bbfefce466d642ad98587d13123e4ef95ec9aa73b712e775d4cbba","server_ts_ms":1768250236586,"raw":{"market":"0xe51aa24ab1bbfefce466d642ad98587d13123e4ef95ec9aa73b712e775d4cbba","price_changes":[{"asset_id":"54232589582260339592359130012520874109228367674780084862642636038394766871668","price":"0.01","size":"21038.91","side":"BUY","hash":"bba77ebf55f4850ea49416f9966205d53de032af","best_bid":"0.05","best_ask":"0.06"},{"asset_id":"96886111393998001968863279421729456597655847484197549086072988901191634450924","price":"0.99","size":"21038.91","side":"SELL","hash":"be2ed9c396bf75f940ca490e7ff73af94cb09a30","best_bid":"0.94","best_ask":"0.95"}],"timestamp":"1768250236586","event_type":"price_change"}}
{"schema_version":1,"source":"clob_ws_market","recv_ts_ns":1768250236866026401,"event_type":"price_change","market":"0xe51aa24ab1bbfefce466d642ad98587d13123e4ef95ec9aa73b712e775d4cbba","server_ts_ms":1768250236586,"raw":{"market":"0xe51aa24ab1bbfefce466d642ad98587d13123e4ef95ec9aa73b712e775d4cbba","price_changes":[{"asset_id":"54232589582260339592359130012520874109228367674780084862642636038394766871668","price":"0.01","size":"21138.91","side":"BUY","hash":"2dda99c77847534f4fa47a6720977165a688dc37","best_bid":"0.05","best_ask":"0.06"},{"asset_id":"96886111393998001968863279421729456597655847484197549086072988901191634450924","price":"0.99","size":"21138.91","side":"SELL","hash":"5ca62362d10461f575c3c49a82af81c2e3b36f7b","best_bid":"0.94","best_ask":"0.95"}],"timestamp":"1768250236586","event_type":"price_change"}}
{"schema_version":1,"source":"clob_ws_market","recv_ts_ns":1768250236870561023,"event_type":"price_change","market":"0xe51aa24ab1bbfefce466d642ad98587d13123e4ef95ec9aa73b712e775d4cbba","server_ts_ms":1768250236587,"raw":{"market":"0xe51aa24ab1bbfefce466d642ad98587d13123e4ef95ec9aa73b712e775d4cbba","price_changes":[{"asset_id":"96886111393998001968863279421729456597655847484197549086072988901191634450924","price":"0.99","size":"21113.91","side":"SELL","hash":"b0e45b2b0e0fb8103f46d45a1aeac0f4e4d5afdf","best_bid":"0.94","best_ask":"0.95"},{"asset_id":"54232589582260339592359130012520874109228367674780084862642636038394766871668","price":"0.01","size":"21113.91","side":"BUY","hash":"775f3ac689a7426154143f5c87688a7e6558fb71","best_bid":"0.05","best_ask":"0.06"}],"timestamp":"1768250236587","event_type":"price_change"}}
{"schema_version":1,"source":"clob_ws_market","recv_ts_ns":1768250236875235090,"event_type":"price_change","market":"0xe51aa24ab1bbfefce466d642ad98587d13123e4ef95ec9aa73b712e775d4cbba","server_ts_ms":1768250236587,"raw":{"market":"0xe51aa24ab1bbfefce466d642ad98587d13123e4ef95ec9aa73b712e775d4cbba","price_changes":[{"asset_id":"54232589582260339592359130012520874109228367674780084862642636038394766871668","price":"0.02","size":"6745.25","side":"BUY","hash":"51640b3d7b1837f0a92a72b56ff4166d1e820eac","best_bid":"0.05","best_ask":"0.06"},{"asset_id":"96886111393998001968863279421729456597655847484197549086072988901191634450924","price":"0.98","size":"6745.25","side":"SELL","hash":"69f5a0393b7b303850f2acda020295dbd14f93a0","best_bid":"0.94","best_ask":"0.95"}],"timestamp":"1768250236587","event_type":"price_change"}}
{"schema_version":1,"source":"clob_ws_market","recv_ts_ns":1768250236891136455,"event_type":"price_change","market":"0xe51aa24ab1bbfefce466d642ad98587d13123e4ef95ec9aa73b712e775d4cbba","server_ts_ms":1768250236596,"raw":{"market":"0xe51aa24ab1bbfefce466d642ad98587d13123e4ef95ec9aa73b712e775d4cbba","price_changes":[{"asset_id":"96886111393998001968863279421729456597655847484197549086072988901191634450924","price":"0.94","size":"1520.88","side":"BUY","hash":"7f04cd58470c2186bb0e1a595e1d7eac040b5589","best_bid":"0.94","best_ask":"0.95"},{"asset_id":"54232589582260339592359130012520874109228367674780084862642636038394766871668","price":"0.06","size":"1520.88","side":"SELL","hash":"4db833cb1800c96e9465213cdb70431c95f163b7","best_bid":"0.05","best_ask":"0.06"}],"timestamp":"1768250236596","event_type":"price_change"}}
{"schema_version":1,"source":"clob_ws_market","recv_ts_ns":1768250236895753900,"event_type":"price_change","market":"0xe51aa24ab1bbfefce466d642ad98587d13123e4ef95ec9aa73b712e775d4cbba","server_ts_ms":1768250236598,"raw":{"market":"0xe51aa24ab1bbfefce466d642ad98587d13123e4ef95ec9aa73b712e775d4cbba","price_changes":[{"asset_id":"96886111393998001968863279421729456597655847484197549086072988901191634450924","price":"0.94","size":"1508.88","side":"BUY","hash":"ffcd45e3b4f5a98b4ebaf015eccc4b7b3fb4310a","best_bid":"0.94","best_ask":"0.95"},{"asset_id":"54232589582260339592359130012520874109228367674780084862642636038394766871668","price":"0.06","size":"1508.88","side":"SELL","hash":"033f3291c582a250b7f16819aee45d958739efdb","best_bid":"0.05","best_ask":"0.06"}],"timestamp":"1768250236598","event_type":"price_change"}}
{"schema_version":1,"source":"clob_ws_market","recv_ts_ns":1768250236908396991,"event_type":"price_change","market":"0xe51aa24ab1bbfefce466d642ad98587d13123e4ef95ec9aa73b712e775d4cbba","server_ts_ms":1768250236605,"raw":{"market":"0xe51aa24ab1bbfefce466d642ad98587d13123e4ef95ec9aa73b712e775d4cbba","price_changes":[{"asset_id":"54232589582260339592359130012520874109228367674780084862642636038394766871668","price":"0.03","size":"1395.6","side":"BUY","hash":"911f572d3996120761fcb4c21e14609564cdbc1a","best_bid":"0.05","best_ask":"0.06"},{"asset_id":"96886111393998001968863279421729456597655847484197549086072988901191634450924","price":"0.97","size":"1395.6","side":"SELL","hash":"fc012f935cc858c5833c6cb73a05a00e12c58969","best_bid":"0.94","best_ask":"0.95"}],"timestamp":"1768250236605","event_type":"price_change"}}
{"schema_version":1,"source":"clob_ws_market","recv_ts_ns":1768250236920792145,"event_type":"last_trade_price","market":"0xe51aa24ab1bbfefce466d642ad98587d13123e4ef95ec9aa73b712e775d4cbba","server_ts_ms":1768250236608,"raw":{"market":"0xe51aa24ab1bbfefce466d642ad98587d13123e4ef95ec9aa73b712e775d4cbba","asset_id":"54232589582260339592359130012520874109228367674780084862642636038394766871668","price":"0.06","size":"58","fee_rate_bps":"1000","side":"BUY","timestamp":"1768250236608","event_type":"last_trade_price","transaction_hash":"0xbb700651b91c759e99e120ba22a0881a6400b424e3a72e4763c5ffe36db35581"}}
{"schema_version":1,"source":"clob_ws_market","recv_ts_ns":1768250236922333127,"event_type":"price_change","market":"0xe51aa24ab1bbfefce466d642ad98587d13123e4ef95ec9aa73b712e775d4cbba","server_ts_ms":1768250236607,"raw":{"market":"0xe51aa24ab1bbfefce466d642ad98587d13123e4ef95ec9aa73b712e775d4cbba","price_changes":[{"asset_id":"96886111393998001968863279421729456597655847484197549086072988901191634450924","price":"0.91","size":"3012.44","side":"BUY","hash":"6dbd74e7de22a2e9df7a8026e375bd9eed5f3c0a","best_bid":"0.94","best_ask":"0.95"},{"asset_id":"54232589582260339592359130012520874109228367674780084862642636038394766871668","price":"0.09","size":"3012.44","side":"SELL","hash":"67f1d3c3d05215b6968dfaee7f00f619f752fda9","best_bid":"0.05","best_ask":"0.06"}],"timestamp":"1768250236607","event_type":"price_change"}}
{"schema_version":1,"source":"clob_ws_market","recv_ts_ns":1768250236927006173,"event_type":"price_change","market":"0xe51aa24ab1bbfefce466d642ad98587d13123e4ef95ec9aa73b712e775d4cbba","server_ts_ms":1768250236607,"raw":{"market":"0xe51aa24ab1bbfefce466d642ad98587d13123e4ef95ec9aa73b712e775d4cbba","price_changes":[{"asset_id":"96886111393998001968863279421729456597655847484197549086072988901191634450924","price":"0.99","size":"21108.91","side":"SELL","hash":"6dbd74e7de22a2e9df7a8026e375bd9eed5f3c0a","best_bid":"0.94","best_ask":"0.95"},{"asset_id":"54232589582260339592359130012520874109228367674780084862642636038394766871668","price":"0.01","size":"21108.91","side":"BUY","hash":"67f1d3c3d05215b6968dfaee7f00f619f752fda9","best_bid":"0.05","best_ask":"0.06"}],"timestamp":"1768250236607","event_type":"price_change"}}
{"schema_version":1,"source":"clob_ws_market","recv_ts_ns":1768250236935526556,"event_type":"price_change","market":"0xe51aa24ab1bbfefce466d642ad98587d13123e4ef95ec9aa73b712e775d4cbba","server_ts_ms":1768250236632,"raw":{"market":"0xe51aa24ab1bbfefce466d642ad98587d13123e4ef95ec9aa73b712e775d4cbba","price_changes":[{"asset_id":"54232589582260339592359130012520874109228367674780084862642636038394766871668","price":"0.02","size":"6761.25","side":"BUY","hash":"25a7802486d6f3ba14310c0df6bf6779dc3ec22e","best_bid":"0.05","best_ask":"0.06"},{"asset_id":"96886111393998001968863279421729456597655847484197549086072988901191634450924","price":"0.98","size":"6761.25","side":"SELL","hash":"e46985293f0ed02369ac11320af39a58b2ba26c7","best_bid":"0.94","best_ask":"0.95"}],"timestamp":"1768250236632","event_type":"price_change"}}
{"schema_version":1,"source":"clob_ws_market","recv_ts_ns":1768250236939559158,"event_type":"price_change","market":"0xe51aa24ab1bbfefce466d642ad98587d13123e4ef95ec9aa73b712e775d4cbba","server_ts_ms":1768250236633,"raw":{"market":"0xe51aa24ab1bbfefce466d642ad98587d13123e4ef95ec9aa73b712e775d4cbba","price_changes":[{"asset_id":"54232589582260339592359130012520874109228367674780084862642636038394766871668","price":"0.05","size":"1578.07","side":"BUY","hash":"421f5c79a3da4dd611a00b19bcc9a76c1b962627","best_bid":"0.05","best_ask":"0.06"},{"asset_id":"96886111393998001968863279421729456597655847484197549086072988901191634450924","price":"0.95","size":"1578.07","side":"SELL","hash":"afda6a0316b2ca3a863405d8539d06baccf49e6d","best_bid":"0.94","best_ask":"0.95"}],"timestamp":"1768250236633","event_type":"price_change"}}
{"schema_version":1,"source":"clob_ws_market","recv_ts_ns":1768250236943602240,"event_type":"price_change","market":"0xe51aa24ab1bbfefce466d642ad98587d13123e4ef95ec9aa73b712e775d4cbba","server_ts_ms":1768250236636,"raw":{"market":"0xe51aa24ab1bbfefce466d642ad98587d13123e4ef95ec9aa73b712e775d4cbba","price_changes":[{"asset_id":"96886111393998001968863279421729456597655847484197549086072988901191634450924","price":"0.95","size":"1572.57","side":"SELL","hash":"671a60c3b1444dd78ca412435b427731efdaf83b","best_bid":"0.94","best_ask":"0.95"},{"asset_id":"54232589582260339592359130012520874109228367674780084862642636038394766871668","price":"0.05","size":"1572.57","side":"BUY","hash":"aa8bfebc6953371b16520f26da4994ccc41583f0","best_bid":"0.05","best_ask":"0.06"}],"timestamp":"1768250236636","event_type":"price_change"}}
{"schema_version":1,"source":"clob_ws_market","recv_ts_ns":1768250236947291035,"event_type":"price_change","market":"0xe51aa24ab1bbfefce466d642ad98587d13123e4ef95ec9aa73b712e775d4cbba","server_ts_ms":1768250236639,"raw":{"market":"0xe51aa24ab1bbfefce466d642ad98587d13123e4ef95ec9aa73b712e775d4cbba","price_changes":[{"asset_id":"96886111393998001968863279421729456597655847484197549086072988901191634450924","price":"0.95","size":"1567.07","side":"SELL","hash":"7e77c33e0fda0ed24c556e953139209f721e8cdd","best_bid":"0.94","best_ask":"0.95"},{"asset_id":"54232589582260339592359130012520874109228367674780084862642636038394766871668","price":"0.05","size":"1567.07","side":"BUY","hash":"acd572bf1668db13763de003ceae2d03b64de84c","best_bid":"0.05","best_ask":"0.06"}],"timestamp":"1768250236639","event_type":"price_change"}}
{"schema_version":1,"source":"clob_ws_market","recv_ts_ns":1768250236950621565,"event_type":"price_change","market":"0xe51aa24ab1bbfefce466d642ad98587d13123e4ef95ec9aa73b712e775d4cbba","server_ts_ms":1768250236643,"raw":{"market":"0xe51aa24ab1bbfefce466d642ad98587d13123e4ef95ec9aa73b712e775d4cbba","price_changes":[{"asset_id":"96886111393998001968863279421729456597655847484197549086072988901191634450924","price":"0.62","size":"636.5","side":"BUY","hash":"4f57d0b52f30a0cea09e95d939f4ef9fcd2658b4","best_bid":"0.94","best_ask":"0.95"},{"asset_id":"54232589582260339592359130012520874109228367674780084862642636038394766871668","price":"0.38","size":"636.5","side":"SELL","hash":"a8f339f6c17254fc0759bbaff6f1151dc4277d09","best_bid":"0.05","best_ask":"0.06"}],"timestamp":"1768250236643","event_type":"price_change"}}
{"schema_version":1,"source":"clob_ws_market","recv_ts_ns":1768250236953974111,"event_type":"price_change","market":"0xe51aa24ab1bbfefce466d642ad98587d13123e4ef95ec9aa73b712e775d4cbba","server_ts_ms":1768250236644,"raw":{"market":"0xe51aa24ab1bbfefce466d642ad98587d13123e4ef95ec9aa73b712e775d4cbba","price_changes":[{"asset_id":"54232589582260339592359130012520874109228367674780084862642636038394766871668","price":"0.01","size":"21092.91","side":"BUY","hash":"9a795e6e4f7c4676bb16e29a6597f4f7d0bdf617","best_bid":"0.05","best_ask":"0.06"},{"asset_id":"96886111393998001968863279421729456597655847484197549086072988901191634450924","price":"0.99","size":"21092.91","side":"SELL","hash":"9638e9cb8fa17130002ff2ce6f1c3b5308894ea5","best_bid":"0.94","best_ask":"0.95"}],"timestamp":"1768250236644","event_type":"price_change"}}
