{"schema_version":1,"source":"clob_ws_market","recv_ts_ns":1768250236288794536,"event_type":"price_change","market":"0x2a12fd3d8235c25c062dc9652970ef9f635636c4018df0909e1a51c673e125cb","server_ts_ms":1768250236194,"raw":{"market":"0x2a12fd3d8235c25c062dc9652970ef9f635636c4018df0909e1a51c673e125cb","price_changes":[{"asset_id":"63670753354844494163057275310194312729998307779831462269530137743341854359908","price":"0.88","size":"876.35","side":"SELL","hash":"cd8e9446f2b117258c7c402ef169bbdd0bf91d4a","best_bid":"0.87","best_ask":"0.88"},{"asset_id":"56386988715176239099720172290594769295756680374928571099138069977179519358166","price":"0.12","size":"876.35","side":"BUY","hash":"1e21c46ee87247109e3f8e11170defe06fdc424a","best_bid":"0.12","best_ask":"0.13"}],"timestamp":"1768250236194","event_type":"price_change"}}
{"schema_version":1,"source":"clob_ws_market","recv_ts_ns":1768250236293128132,"event_type":"price_change","market":"0x2a12fd3d8235c25c062dc9652970ef9f635636c4018df0909e1a51c673e125cb","server_ts_ms":1768250236197,"raw":{"market":"0x2a12fd3d8235c25c062dc9652970ef9f635636c4018df0909e1a51c673e125cb","price_changes":[{"asset_id":"56386988715176239099720172290594769295756680374928571099138069977179519358166","price":"0.1","size":"4419.5","side":"BUY","hash":"a36b33b96dcec7144a20a7a039e1af2981564285","best_bid":"0.12","best_ask":"0.13"},{"asset_id":"63670753354844494163057275310194312729998307779831462269530137743341854359908","price":"0.9","size":"4419.5","side":"SELL","hash":"30fef260005586530cf73e268243da458f8904bd","best_bid":"0.87","best_ask":"0.88"}],"timestamp":"1768250236197","event_type":"price_change"}}
{"schema_version":1,"source":"clob_ws_market","recv_ts_ns":1768250236344431420,"event_type":"price_change","market":"0x2a12fd3d8235c25c062dc9652970ef9f635636c4018df0909e1a51c673e125cb","server_ts_ms":1768250236231,"raw":{"market":"0x2a12fd3d8235c25c062dc9652970ef9f635636c4018df0909e1a51c673e125cb","price_changes":[{"asset_id":"63670753354844494163057275310194312729998307779831462269530137743341854359908","price":"0.83","size":"669.52","side":"BUY","hash":"87c080c28dae3694d76e0f2c469d43c4403be527","best_bid":"0.87","best_ask":"0.88"},{"asset_id":"56386988715176239099720172290594769295756680374928571099138069977179519358166","price":"0.17","size":"669.52","side":"SELL","hash":"e4d5549ffca773ffc1c8b6c2a9a58c85af2b48b8","best_bid":"0.12","best_ask":"0.13"}],"timestamp":"1768250236231","event_type":"price_change"}}
{"schema_version":1,"source":"clob_ws_market","recv_ts_ns":1768250236524143814,"event_type":"best_bid_ask","market":"0x2a12fd3d8235c25c062dc9652970ef9f635636c4018df0909e1a51c673e125cb","server_ts_ms":1768250236353,"raw":{"market":"0x2a12fd3d8235c25c062dc9652970ef9f635636c4018df0909e1a51c673e125cb","asset_id":"63670753354844494163057275310194312729998307779831462269530137743341854359908","best_bid":"0.87","best_ask":"0.88","spread":"0.01","timestamp":"1768250236353","event_type":"best_bid_ask"}}
{"schema_version":1,"source":"clob_ws_market","recv_ts_ns":1768250236526508082,"event_type":"price_change","market":"0x2a12fd3d8235c25c062dc9652970ef9f635636c4018df0909e1a51c673e125cb","server_ts_ms":1768250236351,"raw":{"market":"0x2a12fd3d8235c25c062dc9652970ef9f635636c4018df0909e1a51c673e125cb","price_changes":[{"asset_id":"63670753354844494163057275310194312729998307779831462269530137743341854359908","price":"0.87","size":"10.5","side":"BUY","hash":"3fb78f6172e1d069465520da15c80defecf2d063","best_bid":"0.87","best_ask":"0.88"},{"asset_id":"56386988715176239099720172290594769295756680374928571099138069977179519358166","price":"0.13","size":"10.5","side":"SELL","hash":"193fa23cf9b5c652de7462009821005cb9483982","best_bid":"0.12","best_ask":"0.13"}],"timestamp":"1768250236351","event_type":"price_change"}}
{"schema_version":1,"source":"clob_ws_market","recv_ts_ns":1768250236537250519,"event_type":"book","market":"0x2a12fd3d8235c25c062dc9652970ef9f635636c4018df0909e1a51c673e125cb","server_ts_ms":1768250236351,"raw":{"market":"0x2a12fd3d8235c25c062dc9652970ef9f635636c4018df0909e1a51c673e125cb","asset_id":"63670753354844494163057275310194312729998307779831462269530137743341854359908","bids":[{"price":"0.01","size":"10178.95"},{"price":"0.02","size":"5982"},{"price":"0.03","size":"5238.94"},{"price":"0.04","size":"5040"},{"price":"0.05","size":"5050"},{"price":"0.06","size":"5005"},{"price":"0.07","size":"5019.28"},{"price":"0.08","size":"5005"},{"price":"0.09","size":"5005"},{"price":"0.1","size":"5030"},{"price":"0.11","size":"5"},{"price":"0.12","size":"5"},{"price":"0.13","size":"5"},{"price":"0.14","size":"5"},{"price":"0.15","size":"10"},{"price":"0.16","size":"5"},{"price":"0.17","size":"5"},{"price":"0.18","size":"5"},{"price":"0.19","size":"5"},{"price":"0.2","size":"5"},{"price":"0.21","size":"5"},{"price":"0.22","size":"5"},{"price":"0.23","size":"5"},{"price":"0.24","size":"5"},{"price":"0.25","size":"10"},{"price":"0.26","size":"5"},{"price":"0.27","size":"5"},{"price":"0.28","size":"5"},{"price":"0.29","size":"15"},{"price":"0.3","size":"10"},{"price":"0.31","size":"5"},{"price":"0.32","size":"5"},{"price":"0.33","size":"5"},{"price":"0.34","size":"505"},{"price":"0.35","size":"510"},{"price":"0.36","size":"510"},{"price":"0.37","size":"505"},{"price":"0.38","size":"505"},{"price":"0.39","size":"755"},{"price":"0.4","size":"760"},{"price":"0.41","size":"916"},{"price":"0.42","size":"671"},{"price":"0.43","size":"827"},{"price":"0.44","size":"827"},{"price":"0.45","size":"817"},{"price":"0.46","size":"872"},{"price":"0.47","size":"839.65"},{"price":"0.48","size":"829"},{"price":"0.49","size":"817"},{"price":"0.5","size":"838.4"},{"price":"0.51","size":"867.58"},{"price":"0.52","size":"817"},{"price":"0.53","size":"827"},{"price":"0.54","size":"847.8"},{"price":"0.55","size":"836.09"},{"price":"0.56","size":"825"},{"price":"0.57","size":"847"},{"price":"0.58","size":"817"},{"price":"0.59","size":"817"},{"price":"0.6","size":"817"},{"price":"0.61","size":"834.5"},{"price":"0.62","size":"817"},{"price":"0.63","size":"497.49"},{"price":"0.64","size":"817"},{"price":"0.65","size":"872"},{"price":"0.66","size":"906.8"},{"price":"0.67","size":"906.8"},{"price":"0.68","size":"902"},{"price":"0.69","size":"1008.96"},{"price":"0.7","size":"911.6"},{"price":"0.71","size":"897"},{"price":"0.72","size":"899.55"},{"price":"0.73","size":"912"},{"price":"0.74","size":"1270.97"},{"price":"0.75","size":"730.7"},{"price":"0.76","size":"912.05"},{"price":"0.77","size":"748.5"},{"price":"0.78","size":"967.5"},{"price":"0.79","size":"969.5"},{"price":"0.8","size":"920"},{"price":"0.81","size":"798.21"},{"price":"0.82","size":"761"},{"price":"0.83","size":"669.52"},{"price":"0.84","size":"196"},{"price":"0.85","size":"244.99"},{"price":"0.86","size":"1142.13"},{"price":"0.87","size":"10.5"}],"asks":[{"price":"0.99","size":"10157.67"},{"price":"0.98","size":"6299.77"},{"price":"0.97","size":"5625.94"},{"price":"0.96","size":"5427"},{"price":"0.95","size":"3442"},{"price":"0.94","size":"1509.5"},{"price":"0.93","size":"1406.28"},{"price":"0.92","size":"1541.75"},{"price":"0.91","size":"1397"},{"price":"0.9","size":"4419.5"},{"price":"0.89","size":"1531.5"},{"price":"0.88","size":"876.35"}],"hash":"3fb78f6172e1d069465520da15c80defecf2d063","timestamp":"1768250236351","event_type":"book"}}
{"schema_version":1,"source":"clob_ws_market","recv_ts_ns":1768250236572436858,"event_type":"price_change","market":"0x2a12fd3d8235c25c062dc9652970ef9f635636c4018df0909e1a51c673e125cb","server_ts_ms":1768250236413,"raw":{"market":"0x2a12fd3d8235c25c062dc9652970ef9f635636c4018df0909e1a51c673e125cb","price_changes":[{"asset_id":"56386988715176239099720172290594769295756680374928571099138069977179519358166","price":"0.1","size":"4384.5","side":"BUY","hash":"1a98a1e8e7dd93197d7a3b4ac7cb5a23f6f75212","best_bid":"0.12","best_ask":"0.13"},{"asset_id":"63670753354844494163057275310194312729998307779831462269530137743341854359908","price":"0.9","size":"4384.5","side":"SELL","hash":"ed71735f74587db529f9a90ce5188a04078c06dc","best_bid":"0.87","best_ask":"0.88"}],"timestamp":"1768250236413","event_type":"price_change"}}
{"schema_version":1,"source":"clob_ws_market","recv_ts_ns":1768250236578157839,"event_type":"price_change","market":"0x2a12fd3d8235c25c062dc9652970ef9f635636c4018df0909e1a51c673e125cb","server_ts_ms":1768250236413,"raw":{"market":"0x2a12fd3d8235c25c062dc9652970ef9f635636c4018df0909e1a51c673e125cb","price_changes":[{"asset_id":"56386988715176239099720172290594769295756680374928571099138069977179519358166","price":"0.12","size":"841.35","side":"BUY","hash":"1a98a1e8e7dd93197d7a3b4ac7cb5a23f6f75212","best_bid":"0.12","best_ask":"0.13"},{"asset_id":"63670753354844494163057275310194312729998307779831462269530137743341854359908","price":"0.88","size":"841.35","side":"SELL","hash":"ed71735f74587db529f9a90ce5188a04078c06dc","best_bid":"0.87","best_ask":"0.88"}],"timestamp":"1768250236413","event_type":"price_change"}}
{"schema_version":1,"source":"clob_ws_market","recv_ts_ns":1768250236583391195,"event_type":"price_change","market":"0x2a12fd3d8235c25c062dc9652970ef9f635636c4018df0909e1a51c673e125cb","server_ts_ms":1768250236413,"raw":{"market":"0x2a12fd3d8235c25c062dc9652970ef9f635636c4018df0909e1a51c673e125cb","price_changes":[{"asset_id":"56386988715176239099720172290594769295756680374928571099138069977179519358166","price":"0.08","size":"1506.75","side":"BUY","hash":"1a98a1e8e7dd93197d7a3b4ac7cb5a23f6f75212","best_bid":"0.12","best_ask":"0.13"},{"asset_id":"63670753354844494163057275310194312729998307779831462269530137743341854359908","price":"0.92","size":"1506.75","side":"SELL","hash":"ed71735f74587db529f9a90ce5188a04078c06dc","best_bid":"0.87","best_ask":"0.88"}],"timestamp":"1768250236413","event_type":"price_change"}}
{"schema_version":1,"source":"clob_ws_market","recv_ts_ns":1768250236588651273,"event_type":"price_change","market":"0x2a12fd3d8235c25c062dc9652970ef9f635636c4018df0909e1a51c673e125cb","server_ts_ms":1768250236414,"raw":{"market":"0x2a12fd3d8235c25c062dc9652970ef9f635636c4018df0909e1a51c673e125cb","price_changes":[{"asset_id":"63670753354844494163057275310194312729998307779831462269530137743341854359908","price":"0.89","size":"1521.5","side":"SELL","hash":"3e02c9fd8a05bd5bb462a8dc652dc65f01baaf29","best_bid":"0.87","best_ask":"0.88"},{"asset_id":"56386988715176239099720172290594769295756680374928571099138069977179519358166","price":"0.11","size":"1521.5","side":"BUY","hash":"c83649e1f3c879ee06b55205a64407f83695092a","best_bid":"0.12","best_ask":"0.13"}],"timestamp":"1768250236414","event_type":"price_change"}}
{"schema_version":1,"source":"clob_ws_market","recv_ts_ns":1768250236593062771,"event_type":"price_change","market":"0x2a12fd3d8235c25c062dc9652970ef9f635636c4018df0909e1a51c673e125cb","server_ts_ms":1768250236414,"raw":{"market":"0x2a12fd3d8235c25c062dc9652970ef9f635636c4018df0909e1a51c673e125cb","price_changes":[{"asset_id":"56386988715176239099720172290594769295756680374928571099138069977179519358166","price":"0.1","size":"4409.5","side":"BUY","hash":"b81ffb87712429d68aeb16bc7cceed344414d59e","best_bid":"0.12","best_ask":"0.13"},{"asset_id":"63670753354844494163057275310194312729998307779831462269530137743341854359908","price":"0.9","size":"4409.5","side":"SELL","hash":"b396fa216d624885978bbffbbfd4896d06725611","best_bid":"0.87","best_ask":"0.88"}],"timestamp":"1768250236414","event_type":"price_change"}}
{"schema_version":1,"source":"clob_ws_market","recv_ts_ns":1768250236597353597,"event_type":"price_change","market":"0x2a12fd3d8235c25c062dc9652970ef9f635636c4018df0909e1a51c673e125cb","server_ts_ms":1768250236415,"raw":{"market":"0x2a12fd3d8235c25c062dc9652970ef9f635636c4018df0909e1a51c673e125cb","price_changes":[{"asset_id":"63670753354844494163057275310194312729998307779831462269530137743341854359908","price":"0.78","size":"978.8","side":"BUY","hash":"e3820d01277f74cc50561204bc0094718a20ae27","best_bid":"0.87","best_ask":"0.88"},{"asset_id":"56386988715176239099720172290594769295756680374928571099138069977179519358166","price":"0.22","size":"978.8","side":"SELL","hash":"c0ddcf986d6eb3366b0f8e4cb410a70523982c60","best_bid":"0.12","best_ask":"0.13"}],"timestamp":"1768250236415","event_type":"price_change"}}
{"schema_version":1,"source":"clob_ws_market","recv_ts_ns":1768250236601743412,"event_type":"price_change","market":"0x2a12fd3d8235c25c062dc9652970ef9f635636c4018df0909e1a51c673e125cb","server_ts_ms":1768250236418,"raw":{"market":"0x2a12fd3d8235c25c062dc9652970ef9f635636c4018df0909e1a51c673e125cb","price_changes":[{"asset_id":"63670753354844494163057275310194312729998307779831462269530137743341854359908","price":"0.75","size":"722.5","side":"BUY","hash":"d359f016e9c0eb54739856f8fc306663c7c0f498","best_bid":"0.87","best_ask":"0.88"},{"asset_id":"56386988715176239099720172290594769295756680374928571099138069977179519358166","price":"0.25","size":"722.5","side":"SELL","hash":"9571cbf9ae0c102e27eb4fa8ead5559eee591b0d","best_bid":"0.12","best_ask":"0.13"}],"timestamp":"1768250236418","event_type":"price_change"}}
{"schema_version":1,"source":"clob_ws_market","recv_ts_ns":1768250236605361565,"event_type":"price_change","market":"0x2a12fd3d8235c25c062dc9652970ef9f635636c4018df0909e1a51c673e125cb","server_ts_ms":1768250236420,"raw":{"market":"0x2a12fd3d8235c25c062dc9652970ef9f635636c4018df0909e1a51c673e125cb","price_changes":[{"asset_id":"63670753354844494163057275310194312729998307779831462269530137743341854359908","price":"0.86","size":"1147.63","side":"BUY","hash":"3e76d2e516744840e2d3eec584e21e948177310a","best_bid":"0.87","best_ask":"0.88"},{"asset_id":"56386988715176239099720172290594769295756680374928571099138069977179519358166","price":"0.14","size":"1147.63","side":"SELL","hash":"74cd57ccaf992f7119cabb2bf0fad925732f8395","best_bid":"0.12","best_ask":"0.13"}],"timestamp":"1768250236420","event_type":"price_change"}}
{"schema_version":1,"source":"clob_ws_market","recv_ts_ns":1768250236643425261,"event_type":"price_change","market":"0x2a12fd3d8235c25c062dc9652970ef9f635636c4018df0909e1a51c673e125cb","server_ts_ms":1768250236491,"raw":{"market":"0x2a12fd3d8235c25c062dc9652970ef9f635636c4018df0909e1a51c673e125cb","price_changes":[{"asset_id":"63670753354844494163057275310194312729998307779831462269530137743341854359908","price":"0.94","size":"1497","side":"SELL","hash":"2dd52c278c29832b590b12a7ca9e19e2e8f9f1ed","best_bid":"0.87","best_ask":"0.88"},{"asset_id":"56386988715176239099720172290594769295756680374928571099138069977179519358166","price":"0.06","size":"1497","side":"BUY","hash":"0948a7a1ac832c3d5c676e8154233bc9c5d8e0f4","best_bid":"0.12","best_ask":"0.13"}],"timestamp":"1768250236491","event_type":"price_change"}}
{"schema_version":1,"source":"clob_ws_market","recv_ts_ns":1768250236652765968,"event_type":"price_change","market":"0x2a12fd3d8235c25c062dc9652970ef9f635636c4018df0909e1a51c673e125cb","server_ts_ms":1768250236494,"raw":{"market":"0x2a12fd3d8235c25c062dc9652970ef9f635636c4018df0909e1a51c673e125cb","price_changes":[{"asset_id":"63670753354844494163057275310194312729998307779831462269530137743341854359908","price":"0.95","size":"3454.5","side":"SELL","hash":"796888dd56bf274ba6680c3535212513722746f2","best_bid":"0.87","best_ask":"0.88"},{"asset_id":"56386988715176239099720172290594769295756680374928571099138069977179519358166","price":"0.05","size":"3454.5","side":"BUY","hash":"09557bd3e4b54805256060027108db08e2902ca7","best_bid":"0.12","best_ask":"0.13"}],"timestamp":"1768250236494","event_type":"price_change"}}
{"schema_version":1,"source":"clob_ws_market","recv_ts_ns":1768250236675966569,"event_type":"price_change","market":"0x2a12fd3d8235c25c062dc9652970ef9f635636c4018df0909e1a51c673e125cb","server_ts_ms":1768250236524,"raw":{"market":"0x2a12fd3d8235c25c062dc9652970ef9f635636c4018df0909e1a51c673e125cb","price_changes":[{"asset_id":"63670753354844494163057275310194312729998307779831462269530137743341854359908","price":"0.85","size":"234.99","side":"BUY","hash":"58aeedb8e98dbc4eb7da5aa452d020f69d777b4b","best_bid":"0.87","best_ask":"0.88"},{"asset_id":"56386988715176239099720172290594769295756680374928571099138069977179519358166","price":"0.15","size":"234.99","side":"SELL","hash":"5df6a38a020d360858a1cdac14fa63cc92c7815e","best_bid":"0.12","best_ask":"0.13"}],"timestamp":"1768250236524","event_type":"price_change"}}
{"schema_version":1,"source":"clob_ws_market","recv_ts_ns":1768250236687570441,"event_type":"price_change","market":"0x2a12fd3d8235c25c062dc9652970ef9f635636c4018df0909e1a51c673e125cb","server_ts_ms":1768250236525,"raw":{"market":"0x2a12fd3d8235c25c062dc9652970ef9f635636c4018df0909e1a51c673e125cb","price_changes":[{"asset_id":"63670753354844494163057275310194312729998307779831462269530137743341854359908","price":"0.86","size":"1137.63","side":"BUY","hash":"865f0d134906a318e28fdddd8e8b224db5f5c81b","best_bid":"0.87","best_ask":"0.88"},{"asset_id":"56386988715176239099720172290594769295756680374928571099138069977179519358166","price":"0.14","size":"1137.63","side":"SELL","hash":"91b720185f04ca1e2e8202bbc60c79427efd391f","best_bid":"0.12","best_ask":"0.13"}],"timestamp":"1768250236525","event_type":"price_change"}}
{"schema_version":1,"source":"clob_ws_market","recv_ts_ns":1768250236691580822,"event_type":"price_change","market":"0x2a12fd3d8235c25c062dc9652970ef9f635636c4018df0909e1a51c673e125cb","server_ts_ms":1768250236526,"raw":{"market":"0x2a12fd3d8235c25c062dc9652970ef9f635636c4018df0909e1a51c673e125cb","price_changes":[{"asset_id":"56386988715176239099720172290594769295756680374928571099138069977179519358166","price":"0.11","size":"1511.5","side":"BUY","hash":"5dcc6ddf72ec9cd74b02f16541a7b225e1ce7500","best_bid":"0.12","best_ask":"0.13"},{"asset_id":"63670753354844494163057275310194312729998307779831462269530137743341854359908","price":"0.89","size":"1511.5","side":"SELL","hash":"6018c63acdbdf1625dc354e44e165c7c9d1a2137","best_bid":"0.87","best_ask":"0.88"}],"timestamp":"1768250236526","event_type":"price_change"}}
{"schema_version":1,"source":"clob_ws_market","recv_ts_ns":1768250236695487341,"event_type":"price_change","market":"0x2a12fd3d8235c25c062dc9652970ef9f635636c4018df0909e1a51c673e125cb","server_ts_ms":1768250236527,"raw":{"market":"0x2a12fd3d8235c25c062dc9652970ef9f635636c4018df0909e1a51c673e125cb","price_changes":[{"asset_id":"63670753354844494163057275310194312729998307779831462269530137743341854359908","price":"0.85","size":"224.99","side":"BUY","hash":"4a3319cf51274e0f82b631ada321b2f0351eb424","best_bid":"0.87","best_ask":"0.88"},{"asset_id":"56386988715176239099720172290594769295756680374928571099138069977179519358166","price":"0.15","size":"224.99","side":"SELL","hash":"a8d5620e1c78550782d1cee7b3f85783a0efa9bc","best_bid":"0.12","best_ask":"0.13"}],"timestamp":"1768250236527","event_type":"price_change"}}
{"schema_version":1,"source":"clob_ws_market","recv_ts_ns":1768250236699779622,"event_type":"price_change","market":"0x2a12fd3d8235c25c062dc9652970ef9f635636c4018df0909e1a51c673e125cb","server_ts_ms":1768250236527,"raw":{"market":"0x2a12fd3d8235c25c062dc9652970ef9f635636c4018df0909e1a51c673e125cb","price_changes":[{"asset_id":"56386988715176239099720172290594769295756680374928571099138069977179519358166","price":"0.1","size":"4399.5","side":"BUY","hash":"0e7c6f051180ca7740977944283f4f32a48b6bcd","best_bid":"0.12","best_ask":"0.13"},{"asset_id":"63670753354844494163057275310194312729998307779831462269530137743341854359908","price":"0.9","size":"4399.5","side":"SELL","hash":"37122743dcc302084001b6e160620ebf63b41906","best_bid":"0.87","best_ask":"0.88"}],"timestamp":"1768250236527","event_type":"price_change"}}
{"schema_version":1,"source":"clob_ws_market","recv_ts_ns":1768250236704732709,"event_type":"price_change","market":"0x2a12fd3d8235c25c062dc9652970ef9f635636c4018df0909e1a51c673e125cb","server_ts_ms":1768250236528,"raw":{"market":"0x2a12fd3d8235c25c062dc9652970ef9f635636c4018df0909e1a51c673e125cb","price_changes":[{"asset_id":"63670753354844494163057275310194312729998307779831462269530137743341854359908","price":"0.85","size":"214.99","side":"BUY","hash":"eb1dc38e721b55f0f3ea7c459c44326b1ec84c5b","best_bid":"0.87","best_ask":"0.88"},{"asset_id":"56386988715176239099720172290594769295756680374928571099138069977179519358166","price":"0.15","size":"214.99","side":"SELL","hash":"6a4c153cae793945ff7405ac308472250a76e469","best_bid":"0.12","best_ask":"0.13"}],"timestamp":"1768250236528","event_type":"price_change"}}
{"schema_version":1,"source":"clob_ws_market","recv_ts_ns":1768250236710422446,"event_type":"price_change","market":"0x2a12fd3d8235c25c062dc9652970ef9f635636c4018df0909e1a51c673e125cb","server_ts_ms":1768250236530,"raw":{"market":"0x2a12fd3d8235c25c062dc9652970ef9f635636c4018df0909e1a51c673e125cb","price_changes":[{"asset_id":"56386988715176239099720172290594769295756680374928571099138069977179519358166","price":"0.11","size":"1501.5","side":"BUY","hash":"121b9856f8b7d453e5e034bd591ff8990ef534f0","best_bid":"0.12","best_ask":"0.13"},{"asset_id":"63670753354844494163057275310194312729998307779831462269530137743341854359908","price":"0.89","size":"1501.5","side":"SELL","hash":"a0d7535732c20619b1cb5801434cf894181dff6e","best_bid":"0.87","best_ask":"0.88"}],"timestamp":"1768250236530","event_type":"price_change"}}
{"schema_version":1,"source":"clob_ws_market","recv_ts_ns":1768250236714726367,"event_type":"price_change","market":"0x2a12fd3d8235c25c062dc9652970ef9f635636c4018df0909e1a51c673e125cb","server_ts_ms":1768250236530,"raw":{"market":"0x2a12fd3d8235c25c062dc9652970ef9f635636c4018df0909e1a51c673e125cb","price_changes":[{"asset_id":"63670753354844494163057275310194312729998307779831462269530137743341854359908","price":"0.85","size":"204.99","side":"BUY","hash":"56bbe2703d868adbac7fdfdcfd751677382d07bf","best_bid":"0.87","best_ask":"0.88"},{"asset_id":"56386988715176239099720172290594769295756680374928571099138069977179519358166","price":"0.15","size":"204.99","side":"SELL","hash":"27e071909c241a42b8aeee05ea32ae731f4680e1","best_bid":"0.12","best_ask":"0.13"}],"timestamp":"1768250236530","event_type":"price_change"}}
{"schema_version":1,"source":"clob_ws_market","recv_ts_ns":1768250236718364411,"event_type":"price_change","market":"0x2a12fd3d8235c25c062dc9652970ef9f635636c4018df0909e1a51c673e125cb","server_ts_ms":1768250236531,"raw":{"market":"0x2a12fd3d8235c25c062dc9652970ef9f635636c4018df0909e1a51c673e125cb","price_changes":[{"asset_id":"56386988715176239099720172290594769295756680374928571099138069977179519358166","price":"0.08","size":"1496.75","side":"BUY","hash":"c7ab28bc0c40b34879faf7cd276f342b8d28afcf","best_bid":"0.12","best_ask":"0.13"},{"asset_id":"63670753354844494163057275310194312729998307779831462269530137743341854359908","price":"0.92","size":"1496.75","side":"SELL","hash":"befdd39be816834a3c73bf697fc5cb44a7aa700a","best_bid":"0.87","best_ask":"0.88"}],"timestamp":"1768250236531","event_type":"price_change"}}
{"schema_version":1,"source":"clob_ws_market","recv_ts_ns":1768250236721236003,"event_type":"price_change","market":"0x2a12fd3d8235c25c062dc9652970ef9f635636c4018df0909e1a51c673e125cb","server_ts_ms":1768250236532,"raw":{"market":"0x2a12fd3d8235c25c062dc9652970ef9f635636c4018df0909e1a51c673e125cb","price_changes":[{"asset_id":"56386988715176239099720172290594769295756680374928571099138069977179519358166","price":"0.09","size":"1387","side":"BUY","hash":"160ba697c4095db9dd92bfdbb3589683d3c08a7b","best_bid":"0.12","best_ask":"0.13"},{"asset_id":"63670753354844494163057275310194312729998307779831462269530137743341854359908","price":"0.91","size":"1387","side":"SELL","hash":"5ffc33b13499d305791c21f61bc95da0fbb595aa","best_bid":"0.87","best_ask":"0.88"}],"timestamp":"1768250236532","event_type":"price_change"}}
{"schema_version":1,"source":"clob_ws_market","recv_ts_ns":1768250236724443660,"event_type":"price_change","market":"0x2a12fd3d8235c25c062dc9652970ef9f635636c4018df0909e1a51c673e125cb","server_ts_ms":1768250236532,"raw":{"market":"0x2a12fd3d8235c25c062dc9652970ef9f635636c4018df0909e1a51c673e125cb","price_changes":[{"asset_id":"56386988715176239099720172290594769295756680374928571099138069977179519358166","price":"0.11","size":"1491.5","side":"BUY","hash":"19daf4fe7822d2f266a9c856be23fce4940c3f37","best_bid":"0.12","best_ask":"0.13"},{"asset_id":"63670753354844494163057275310194312729998307779831462269530137743341854359908","price":"0.89","size":"1491.5","side":"SELL","hash":"7b6a50b17c89a486387b624cfbdc71ff1fd8abb9","best_bid":"0.87","best_ask":"0.88"}],"timestamp":"1768250236532","event_type":"price_change"}}
{"schema_version":1,"source":"clob_ws_market","recv_ts_ns":1768250236728002072,"event_type":"price_change","market":"0x2a12fd3d8235c25c062dc9652970ef9f635636c4018df0909e1a51c673e125cb","server_ts_ms":1768250236532,"raw":{"market":"0x2a12fd3d8235c25c062dc9652970ef9f635636c4018df0909e1a51c673e125cb","price_changes":[{"asset_id":"56386988715176239099720172290594769295756680374928571099138069977179519358166","price":"0.12","size":"831.35","side":"BUY","hash":"b2a85875876ec4f50fd8578c4bd4b50cb11af502","best_bid":"0.12","best_ask":"0.13"},{"asset_id":"63670753354844494163057275310194312729998307779831462269530137743341854359908","price":"0.88","size":"831.35","side":"SELL","hash":"46f9904f2e33b2d07491ee0e98500c0a3230439c","best_bid":"0.87","best_ask":"0.88"}],"timestamp":"1768250236532","event_type":"price_change"}}
{"schema_version":1,"source":"clob_ws_market","recv_ts_ns":1768250236731182681,"event_type":"price_change","market":"0x2a12fd3d8235c25c062dc9652970ef9f635636c4018df0909e1a51c673e125cb","server_ts_ms":1768250236534,"raw":{"market":"0x2a12fd3d8235c25c062dc9652970ef9f635636c4018df0909e1a51c673e125cb","price_changes":[{"asset_id":"56386988715176239099720172290594769295756680374928571099138069977179519358166","price":"0.09","size":"1377","side":"BUY","hash":"abab3aa5b89c27572294e937c48904d93ce1efdd","best_bid":"0.12","best_ask":"0.13"},{"asset_id":"63670753354844494163057275310194312729998307779831462269530137743341854359908","price":"0.91","size":"1377","side":"SELL","hash":"9d5fda3a4122fd09fc3cadc31021421620c61543","best_bid":"0.87","best_ask":"0.88"}],"timestamp":"1768250236534","event_type":"price_change"}}
{"schema_version":1,"source":"clob_ws_market","recv_ts_ns":1768250236733909244,"event_type":"price_change","market":"0x2a12fd3d8235c25c062dc9652970ef9f635636c4018df0909e1a51c673e125cb","server_ts_ms":1768250236540,"raw":{"market":"0x2a12fd3d8235c25c062dc9652970ef9f635636c4018df0909e1a51c673e125cb","price_changes":[{"asset_id":"63670753354844494163057275310194312729998307779831462269530137743341854359908","price":"0.86","size":"1127.63","side":"BUY","hash":"dfd23349d72f0f7ca6ce4a47a5a92cf070799c29","best_bid":"0.87","best_ask":"0.88"},{"asset_id":"56386988715176239099720172290594769295756680374928571099138069977179519358166","price":"0.14","size":"1127.63","side":"SELL","hash":"6d502791745c65a14c02db06eb9e95b89ade65af","best_bid":"0.12","best_ask":"0.13"}],"timestamp":"1768250236540","event_type":"price_change"}}
{"schema_version":1,"source":"clob_ws_market","recv_ts_ns":1768250236737021195,"event_type":"price_change","market":"0x2a12fd3d8235c25c062dc9652970ef9f635636c4018df0909e1a51c673e125cb","server_ts_ms":1768250236541,"raw":{"market":"0x2a12fd3d8235c25c062dc9652970ef9f635636c4018df0909e1a51c673e125cb","price_changes":[{"asset_id":"63670753354844494163057275310194312729998307779831462269530137743341854359908","price":"0.85","size":"194.99","side":"BUY","hash":"10b3642f2a5e69c14dfbc548662a5938632811ec","best_bid":"0.87","best_ask":"0.88"},{"asset_id":"56386988715176239099720172290594769295756680374928571099138069977179519358166","price":"0.15","size":"194.99","side":"SELL","hash":"239479656a3c31bf05d2b389ffd1b7932c93b4ce","best_bid":"0.12","best_ask":"0.13"}],"timestamp":"1768250236541","event_type":"price_change"}}
{"schema_version":1,"source":"clob_ws_market","recv_ts_ns":1768250236740276633,"event_type":"price_change","market":"0x2a12fd3d8235c25c062dc9652970ef9f635636c4018df0909e1a51c673e125cb","server_ts_ms":1768250236553,"raw":{"market":"0x2a12fd3d8235c25c062dc9652970ef9f635636c4018df0909e1a51c673e125cb","price_changes":[{"asset_id":"56386988715176239099720172290594769295756680374928571099138069977179519358166","price":"0.1","size":"4409.5","side":"BUY","hash":"3c6c7e4c3989c5a2eddec328d04e4cd5a576cb73","best_bid":"0.12","best_ask":"0.13"},{"asset_id":"63670753354844494163057275310194312729998307779831462269530137743341854359908","price":"0.9","size":"4409.5","side":"SELL","hash":"90f0003b92d301a2b9692478b26053cce849c4be","best_bid":"0.87","best_ask":"0.88"}],"timestamp":"1768250236553","event_type":"price_change"}}
{"schema_version":1,"source":"clob_ws_market","recv_ts_ns":1768250236744867300,"event_type":"price_change","market":"0x2a12fd3d8235c25c062dc9652970ef9f635636c4018df0909e1a51c673e125cb","server_ts_ms":1768250236557,"raw":{"market":"0x2a12fd3d8235c25c062dc9652970ef9f635636c4018df0909e1a51c673e125cb","price_changes":[{"asset_id":"63670753354844494163057275310194312729998307779831462269530137743341854359908","price":"0.86","size":"1137.63","side":"BUY","hash":"2eb3678683ba6ca0298f6c1f3d0a6f769a65c57b","best_bid":"0.87","best_ask":"0.88"},{"asset_id":"56386988715176239099720172290594769295756680374928571099138069977179519358166","price":"0.14","size":"1137.63","side":"SELL","hash":"3da6eed0c4016b90923adbc0e579614fcfc08132","best_bid":"0.12","best_ask":"0.13"}],"timestamp":"1768250236557","event_type":"price_change"}}
{"schema_version":1,"source":"clob_ws_market","recv_ts_ns":1768250236747250134,"event_type":"price_change","market":"0x2a12fd3d8235c25c062dc9652970ef9f635636c4018df0909e1a51c673e125cb","server_ts_ms":1768250236560,"raw":{"market":"0x2a12fd3d8235c25c062dc9652970ef9f635636c4018df0909e1a51c673e125cb","price_changes":[{"asset_id":"63670753354844494163057275310194312729998307779831462269530137743341854359908","price":"0.86","size":"1147.63","side":"BUY","hash":"9d0fe0aec24152f65e441055edba8be2178993bc","best_bid":"0.87","best_ask":"0.88"},{"asset_id":"56386988715176239099720172290594769295756680374928571099138069977179519358166","price":"0.14","size":"1147.63","side":"SELL","hash":"395db3002a08f6c50f06f32f16c16962a8da8cfc","best_bid":"0.12","best_ask":"0.13"}],"timestamp":"1768250236560","event_type":"price_change"}}
{"schema_version":1,"source":"clob_ws_market","recv_ts_ns":1768250236749386187,"event_type":"price_change","market":"0x2a12fd3d8235c25c062dc9652970ef9f635636c4018df0909e1a51c673e125cb","server_ts_ms":1768250236561,"raw":{"market":"0x2a12fd3d8235c25c062dc9652970ef9f635636c4018df0909e1a51c673e125cb","price_changes":[{"asset_id":"56386988715176239099720172290594769295756680374928571099138069977179519358166","price":"0.09","size":"1387","side":"BUY","hash":"09bc9455a3d2e7cf18dc9dea736434b0af57d074","best_bid":"0.12","best_ask":"0.13"},{"asset_id":"63670753354844494163057275310194312729998307779831462269530137743341854359908","price":"0.91","size":"1387","side":"SELL","hash":"92393d15768a420b5591f2a27f5004ddf049e566","best_bid":"0.87","best_ask":"0.88"}],"timestamp":"1768250236561","event_type":"price_change"}}
{"schema_version":1,"source":"clob_ws_market","recv_ts_ns":1768250236751420844,"event_type":"price_change","market":"0x2a12fd3d8235c25c062dc9652970ef9f635636c4018df0909e1a51c673e125cb","server_ts_ms":1768250236562,"raw":{"market":"0x2a12fd3d8235c25c062dc9652970ef9f635636c4018df0909e1a51c673e125cb","price_changes":[{"asset_id":"63670753354844494163057275310194312729998307779831462269530137743341854359908","price":"0.86","size":"1157.63","side":"BUY","hash":"43edef179ac1562a65f7416a57c9201f804c3fb1","best_bid":"0.87","best_ask":"0.88"},{"asset_id":"56386988715176239099720172290594769295756680374928571099138069977179519358166","price":"0.14","size":"1157.63","side":"SELL","hash":"a75e592f0a0505baac66d0d593f151ab94b33d11","best_bid":"0.12","best_ask":"0.13"}],"timestamp":"1768250236562","event_type":"price_change"}}
{"schema_version":1,"source":"clob_ws_market","recv_ts_ns":1768250236753470197,"event_type":"price_change","market":"0x2a12fd3d8235c25c062dc9652970ef9f635636c4018df0909e1a51c673e125cb","server_ts_ms":1768250236564,"raw":{"market":"0x2a12fd3d8235c25c062dc9652970ef9f635636c4018df0909e1a51c673e125cb","price_changes":[{"asset_id":"56386988715176239099720172290594769295756680374928571099138069977179519358166","price":"0.11","size":"1501.5","side":"BUY","hash":"557b4f35ef0f4ac0c32927f3f19ee4cbb406aa17","best_bid":"0.12","best_ask":"0.13"},{"asset_id":"63670753354844494163057275310194312729998307779831462269530137743341854359908","price":"0.89","size":"1501.5","side":"SELL","hash":"046867d5f8e6a2c0ad1240ee8fe5eccc24234bfe","best_bid":"0.87","best_ask":"0.88"}],"timestamp":"1768250236564","event_type":"price_change"}}
{"schema_version":1,"source":"clob_ws_market","recv_ts_ns":1768250236757665426,"event_type":"price_change","market":"0x2a12fd3d8235c25c062dc9652970ef9f635636c4018df0909e1a51c673e125cb","server_ts_ms":1768250236565,"raw":{"market":"0x2a12fd3d8235c25c062dc9652970ef9f635636c4018df0909e1a51c673e125cb","price_changes":[{"asset_id":"56386988715176239099720172290594769295756680374928571099138069977179519358166","price":"0.1","size":"4419.5","side":"BUY","hash":"862a30352f56c80c6e1d683672c6abfa60364504","best_bid":"0.12","best_ask":"0.13"},{"asset_id":"63670753354844494163057275310194312729998307779831462269530137743341854359908","price":"0.9","size":"4419.5","side":"SELL","hash":"45bfffacac8d65d820f6aba29a25144504810c10","best_bid":"0.87","best_ask":"0.88"}],"timestamp":"1768250236565","event_type":"price_change"}}
{"schema_version":1,"source":"clob_ws_market","recv_ts_ns":1768250236761414340,"event_type":"price_change","market":"0x2a12fd3d8235c25c062dc9652970ef9f635636c4018df0909e1a51c673e125cb","server_ts_ms":1768250236565,"raw":{"market":"0x2a12fd3d8235c25c062dc9652970ef9f635636c4018df0909e1a51c673e125cb","price_changes":[{"asset_id":"56386988715176239099720172290594769295756680374928571099138069977179519358166","price":"0.07","size":"1416.28","side":"BUY","hash":"424a28a500a4c7a044eb19729d1645d38218600a","best_bid":"0.12","best_ask":"0.13"},{"asset_id":"63670753354844494163057275310194312729998307779831462269530137743341854359908","price":"0.93","size":"1416.28","side":"SELL","hash":"85b6383b88eb6e1a7ffe5de87a4eb69a11cf86be","best_bid":"0.87","best_ask":"0.88"}],"timestamp":"1768250236565","event_type":"price_change"}}
{"schema_version":1,"source":"clob_ws_market","recv_ts_ns":1768250236764654916,"event_type":"price_change","market":"0x2a12fd3d8235c25c062dc9652970ef9f635636c4018df0909e1a51c673e125cb","server_ts_ms":1768250236566,"raw":{"market":"0x2a12fd3d8235c25c062dc9652970ef9f635636c4018df0909e1a51c673e125cb","price_changes":[{"asset_id":"63670753354844494163057275310194312729998307779831462269530137743341854359908","price":"0.87","size":"20.5","side":"BUY","hash":"608d16856c651345143d1d973d285b289cd5df90","best_bid":"0.87","best_ask":"0.88"},{"asset_id":"56386988715176239099720172290594769295756680374928571099138069977179519358166","price":"0.13","size":"20.5","side":"SELL","hash":"54355903307ad3a79a779e7da709d464bc38378a","best_bid":"0.12","best_ask":"0.13"}],"timestamp":"1768250236566","event_type":"price_change"}}
{"schema_version":1,"source":"clob_ws_market","recv_ts_ns":1768250236768134068,"event_type":"price_change","market":"0x2a12fd3d8235c25c062dc9652970ef9f635636c4018df0909e1a51c673e125cb","server_ts_ms":1768250236568,"raw":{"market":"0x2a12fd3d8235c25c062dc9652970ef9f635636c4018df0909e1a51c673e125cb","price_changes":[{"asset_id":"63670753354844494163057275310194312729998307779831462269530137743341854359908","price":"0.86","size":"1167.63","side":"BUY","hash":"5dca8b3fc7b5d7131a218d64039822d4dd40c667","best_bid":"0.87","best_ask":"0.88"},{"asset_id":"56386988715176239099720172290594769295756680374928571099138069977179519358166","price":"0.14","size":"1167.63","side":"SELL","hash":"de45801f9e7c898c0ebac907be6d7eaaf1c030d5","best_bid":"0.12","best_ask":"0.13"}],"timestamp":"1768250236568","event_type":"price_change"}}
{"schema_version":1,"source":"clob_ws_market","recv_ts_ns":1768250236771486202,"event_type":"price_change","market":"0x2a12fd3d8235c25c062dc9652970ef9f635636c4018df0909e1a51c673e125cb","server_ts_ms":1768250236569,"raw":{"market":"0x2a12fd3d8235c25c062dc9652970ef9f635636c4018df0909e1a51c673e125cb","price_changes":[{"asset_id":"56386988715176239099720172290594769295756680374928571099138069977179519358166","price":"0.1","size":"3419.5","side":"BUY","hash":"82cfe95b67345eef7cb9199cc6ab23e7a2c81841","best_bid":"0.12","best_ask":"0.13"},{"asset_id":"63670753354844494163057275310194312729998307779831462269530137743341854359908","price":"0.9","size":"3419.5","side":"SELL","hash":"0ad41e64d0ccb002a1f81265a5d8f51909b377b1","best_bid":"0.87","best_ask":"0.88"}],"timestamp":"1768250236569","event_type":"price_change"}}
{"schema_version":1,"source":"clob_ws_market","recv_ts_ns":1768250236818942846,"event_type":"price_change","market":"0x2a12fd3d8235c25c062dc9652970ef9f635636c4018df0909e1a51c673e125cb","server_ts_ms":1768250236577,"raw":{"market":"0x2a12fd3d8235c25c062dc9652970ef9f635636c4018df0909e1a51c673e125cb","price_changes":[{"asset_id":"56386988715176239099720172290594769295756680374928571099138069977179519358166","price":"0.08","size":"1506.75","side":"BUY","hash":"1237a128150e8b7a85666a90e9890e3a024135f9","best_bid":"0.12","best_ask":"0.13"},{"asset_id":"63670753354844494163057275310194312729998307779831462269530137743341854359908","price":"0.92","size":"1506.75","side":"SELL","hash":"11b8ce90e244bdafae36c6faebac1e83547b6528","best_bid":"0.87","best_ask":"0.88"}],"timestamp":"1768250236577","event_type":"price_change"}}
{"schema_version":1,"source":"clob_ws_market","recv_ts_ns":1768250236821661602,"event_type":"price_change","market":"0x2a12fd3d8235c25c062dc9652970ef9f635636c4018df0909e1a51c673e125cb","server_ts_ms":1768250236581,"raw":{"market":"0x2a12fd3d8235c25c062dc9652970ef9f635636c4018df0909e1a51c673e125cb","price_changes":[{"asset_id":"63670753354844494163057275310194312729998307779831462269530137743341854359908","price":"0.84","size":"696","side":"BUY","hash":"57deb185ac33e6b661aa597e7240b4bd3f91b56f","best_bid":"0.87","best_ask":"0.88"},{"asset_id":"56386988715176239099720172290594769295756680374928571099138069977179519358166","price":"0.16","size":"696","side":"SELL","hash":"40fbb93bbe4333ea9c236e7a94fc58a4f93a781d","best_bid":"0.12","best_ask":"0.13"}],"timestamp":"1768250236581","event_type":"price_change"}}
{"schema_version":1,"source":"clob_ws_market","recv_ts_ns":1768250236880030545,"event_type":"price_change","market":"0x2a12fd3d8235c25c062dc9652970ef9f635636c4018df0909e1a51c673e125cb","server_ts_ms":1768250236592,"raw":{"market":"0x2a12fd3d8235c25c062dc9652970ef9f635636c4018df0909e1a51c673e125cb","price_changes":[{"asset_id":"56386988715176239099720172290594769295756680374928571099138069977179519358166","price":"0.1","size":"3429.5","side":"BUY","hash":"d73d8754ff2c6a15fbdb9dd8807e7c0d9e76d5b2","best_bid":"0.12","best_ask":"0.13"},{"asset_id":"63670753354844494163057275310194312729998307779831462269530137743341854359908","price":"0.9","size":"3429.5","side":"SELL","hash":"652460a05deb7637ff0b50163793f87c81d1abea","best_bid":"0.87","best_ask":"0.88"}],"timestamp":"1768250236592","event_type":"price_change"}}
{"schema_version":1,"source":"clob_ws_market","recv_ts_ns":1768250236885098931,"event_type":"price_change","market":"0x2a12fd3d8235c25c062dc9652970ef9f635636c4018df0909e1a51c673e125cb","server_ts_ms":1768250236593,"raw":{"market":"0x2a12fd3d8235c25c062dc9652970ef9f635636c4018df0909e1a51c673e125cb","price_changes":[{"asset_id":"63670753354844494163057275310194312729998307779831462269530137743341854359908","price":"0.86","size":"1177.63","side":"BUY","hash":"a4a842d30342fa497e56b220d9051bf474350136","best_bid":"0.87","best_ask":"0.88"},{"asset_id":"56386988715176239099720172290594769295756680374928571099138069977179519358166","price":"0.14","size":"1177.63","side":"SELL","hash":"9c6c4064f6f02924319d16a4140b455f773c45f4","best_bid":"0.12","best_ask":"0.13"}],"timestamp":"1768250236593","event_type":"price_change"}}
{"schema_version":1,"source":"clob_ws_market","recv_ts_ns":1768250236899956036,"event_type":"price_change","market":"0x2a12fd3d8235c25c062dc9652970ef9f635636c4018df0909e1a51c673e125cb","server_ts_ms":1768250236599,"raw":{"market":"0x2a12fd3d8235c25c062dc9652970ef9f635636c4018df0909e1a51c673e125cb","price_changes":[{"asset_id":"56386988715176239099720172290594769295756680374928571099138069977179519358166","price":"0.08","size":"1516.75","side":"BUY","hash":"22a17ff7b9e4746ce3ae2684c07df20f320fe85a","best_bid":"0.12","best_ask":"0.13"},{"asset_id":"63670753354844494163057275310194312729998307779831462269530137743341854359908","price":"0.92","size":"1516.75","side":"SELL","hash":"367203bdab46b1ff66a340be391632bcb660ba60","best_bid":"0.87","best_ask":"0.88"}],"timestamp":"1768250236599","event_type":"price_change"}}
{"schema_version":1,"source":"clob_ws_market","recv_ts_ns":1768250236904613490,"event_type":"price_change","market":"0x2a12fd3d8235c25c062dc9652970ef9f635636c4018df0909e1a51c673e125cb","server_ts_ms":1768250236603,"raw":{"market":"0x2a12fd3d8235c25c062dc9652970ef9f635636c4018df0909e1a51c673e125cb","price_changes":[{"asset_id":"63670753354844494163057275310194312729998307779831462269530137743341854359908","price":"0.95","size":"3442","side":"SELL","hash":"f77610f33c04bc740bc3e32d4c57bdec4144fca3","best_bid":"0.87","best_ask":"0.88"},{"asset_id":"56386988715176239099720172290594769295756680374928571099138069977179519358166","price":"0.05","size":"3442","side":"BUY","hash":"c04df436d1768ec8bbb2b73d2e0d75669d1ce685","best_bid":"0.12","best_ask":"0.13"}],"timestamp":"1768250236603","event_type":"price_change"}}
{"schema_version":1,"source":"clob_ws_market","recv_ts_ns":1768250236911849616,"event_type":"price_change","market":"0x2a12fd3d8235c25c062dc9652970ef9f635636c4018df0909e1a51c673e125cb","server_ts_ms":1768250236605,"raw":{"market":"0x2a12fd3d8235c25c062dc9652970ef9f635636c4018df0909e1a51c673e125cb","price_changes":[{"asset_id":"63670753354844494163057275310194312729998307779831462269530137743341854359908","price":"0.94","size":"1509.5","side":"SELL","hash":"f80e281d2d160c68cdc9a36653049325e740c280","best_bid":"0.87","best_ask":"0.88"},{"asset_id":"56386988715176239099720172290594769295756680374928571099138069977179519358166","price":"0.06","size":"1509.5","side":"BUY","hash":"9efd50eb5c3ad37bd025b8a13ec4bd2a663a1122","best_bid":"0.12","best_ask":"0.13"}],"timestamp":"1768250236605","event_type":"price_change"}}
{"schema_version":1,"source":"clob_ws_market","recv_ts_ns":1768250236916682960,"event_type":"price_change","market":"0x2a12fd3d8235c25c062dc9652970ef9f635636c4018df0909e1a51c673e125cb","server_ts_ms":1768250236607,"raw":{"market":"0x2a12fd3d8235c25c062dc9652970ef9f635636c4018df0909e1a51c673e125cb","price_changes":[{"asset_id":"63670753354844494163057275310194312729998307779831462269530137743341854359908","price":"0.86","size":"1187.63","side":"BUY","hash":"89cb713b8fab61849c86a1f65f59181dff866582","best_bid":"0.87","best_ask":"0.88"},{"asset_id":"56386988715176239099720172290594769295756680374928571099138069977179519358166","price":"0.14","size":"1187.63","side":"SELL","hash":"0343617b13562579832fa509d9e31e4448bea8ec","best_bid":"0.12","best_ask":"0.13"}],"timestamp":"1768250236607","event_type":"price_change"}}
{"schema_version":1,"source":"clob_ws_market","recv_ts_ns":1768250236975622520,"event_type":"price_change","market":"0x2a12fd3d8235c25c062dc9652970ef9f635636c4018df0909e1a51c673e125cb","server_ts_ms":1768250236655,"raw":{"market":"0x2a12fd3d8235c25c062dc9652970ef9f635636c4018df0909e1a51c673e125cb","price_changes":[{"asset_id":"63670753354844494163057275310194312729998307779831462269530137743341854359908","price":"0.84","size":"196","side":"BUY","hash":"dae822f33a6c6e382c5de0c138ac10dc7080a2eb","best_bid":"0.87","best_ask":"0.88"},{"asset_id":"56386988715176239099720172290594769295756680374928571099138069977179519358166","price":"0.16","size":"196","side":"SELL","hash":"45f39aad49a1a623d874dd9a3714b906983d0310","best_bid":"0.12","best_ask":"0.13"}],"timestamp":"1768250236655","event_type":"price_change"}}
{"schema_version":1,"source":"clob_ws_market","recv_ts_ns":1768250236993197291,"event_type":"price_change","market":"0x2a12fd3d8235c25c062dc9652970ef9f635636c4018df0909e1a51c673e125cb","server_ts_ms":1768250236667,"raw":{"market":"0x2a12fd3d8235c25c062dc9652970ef9f635636c4018df0909e1a51c673e125cb","price_changes":[{"asset_id":"56386988715176239099720172290594769295756680374928571099138069977179519358166","price":"0.11","size":"1413.5","side":"BUY","hash":"1900b3411983895a7b2f413dafa48993dc4cbc58","best_bid":"0.12","best_ask":"0.13"},{"asset_id":"63670753354844494163057275310194312729998307779831462269530137743341854359908","price":"0.89","size":"1413.5","side":"SELL","hash":"0d9ef8ca7aee4676ec6e768c09bed59b12715e5c","best_bid":"0.87","best_ask":"0.88"}],"timestamp":"1768250236667","event_type":"price_change"}}
{"schema_version":1,"source":"clob_ws_market","recv_ts_ns":1768250237012887169,"event_type":"price_change","market":"0x2a12fd3d8235c25c062dc9652970ef9f635636c4018df0909e1a51c673e125cb","server_ts_ms":1768250236750,"raw":{"market":"0x2a12fd3d8235c25c062dc9652970ef9f635636c4018df0909e1a51c673e125cb","price_changes":[{"asset_id":"63670753354844494163057275310194312729998307779831462269530137743341854359908","price":"0.82","size":"671","side":"BUY","hash":"d21714cf53162bbebac229b42d43e0403ee006f9","best_bid":"0.87","best_ask":"0.88"},{"asset_id":"56386988715176239099720172290594769295756680374928571099138069977179519358166","price":"0.18","size":"671","side":"SELL","hash":"aa321362d6789c3547d66ccec31c8b62bc8d5c81","best_bid":"0.12","best_ask":"0.13"}],"timestamp":"1768250236750","event_type":"price_change"}}
{"schema_version":1,"source":"clob_ws_market","recv_ts_ns":1768250237030844496,"event_type":"price_change","market":"0x2a12fd3d8235c25c062dc9652970ef9f635636c4018df0909e1a51c673e125cb","server_ts_ms":1768250236779,"raw":{"market":"0x2a12fd3d8235c25c062dc9652970ef9f635636c4018df0909e1a51c673e125cb","price_changes":[{"asset_id":"63670753354844494163057275310194312729998307779831462269530137743341854359908","price":"0.75","size":"727.5","side":"BUY","hash":"6127277cb992450ff0126612f165f7fb4aad9ffa","best_bid":"0.87","best_ask":"0.88"},{"asset_id":"56386988715176239099720172290594769295756680374928571099138069977179519358166","price":"0.25","size":"727.5","side":"SELL","hash":"039d88f57eab3b8b7d5ad2b261f1e2eaa1061f13","best_bid":"0.12","best_ask":"0.13"}],"timestamp":"1768250236779","event_type":"price_change"}}
{"schema_version":1,"source":"clob_ws_market","recv_ts_ns":1768250237036516404,"event_type":"price_change","market":"0x2a12fd3d8235c25c062dc9652970ef9f635636c4018df0909e1a51c673e125cb","server_ts_ms":1768250236798,"raw":{"market":"0x2a12fd3d8235c25c062dc9652970ef9f635636c4018df0909e1a51c673e125cb","price_changes":[{"asset_id":"63670753354844494163057275310194312729998307779831462269530137743341854359908","price":"0.83","size":"759.52","side":"BUY","hash":"5265f7f772cafae65c7cd7e88b79b4c6250b7a80","best_bid":"0.87","best_ask":"0.88"},{"asset_id":"56386988715176239099720172290594769295756680374928571099138069977179519358166","price":"0.17","size":"759.52","side":"SELL","hash":"c7c2c2ddeb42b2b7289ff8fe5038f1a6c1f2be27","best_bid":"0.12","best_ask":"0.13"}],"timestamp":"1768250236798","event_type":"price_change"}}
{"schema_version":1,"source":"clob_ws_market","recv_ts_ns":1768250237039843290,"event_type":"price_change","market":"0x2a12fd3d8235c25c062dc9652970ef9f635636c4018df0909e1a51c673e125cb","server_ts_ms":1768250236800,"raw":{"market":"0x2a12fd3d8235c25c062dc9652970ef9f635636c4018df0909e1a51c673e125cb","price_changes":[{"asset_id":"56386988715176239099720172290594769295756680374928571099138069977179519358166","price":"0.08","size":"1551.75","side":"BUY","hash":"d4c6e891467a36bb81fd976c00f3190ab2b86cf7","best_bid":"0.12","best_ask":"0.13"},{"asset_id":"63670753354844494163057275310194312729998307779831462269530137743341854359908","price":"0.92","size":"1551.75","side":"SELL","hash":"ee54969402be6abf0d1d3eb6b16423eaaabf230c","best_bid":"0.87","best_ask":"0.88"}],"timestamp":"1768250236800","event_type":"price_change"}}
{"schema_version":1,"source":"clob_ws_market","recv_ts_ns":1768250237043777109,"event_type":"price_change","market":"0x2a12fd3d8235c25c062dc9652970ef9f635636c4018df0909e1a51c673e125cb","server_ts_ms":1768250236802,"raw":{"market":"0x2a12fd3d8235c25c062dc9652970ef9f635636c4018df0909e1a51c673e125cb","price_changes":[{"asset_id":"56386988715176239099720172290594769295756680374928571099138069977179519358166","price":"0.12","size":"866.35","side":"BUY","hash":"f96cdf78cd4470404578023c0196fb08b335c2af","best_bid":"0.12","best_ask":"0.13"},{"asset_id":"63670753354844494163057275310194312729998307779831462269530137743341854359908","price":"0.88","size":"866.35","side":"SELL","hash":"0199e615ff6552e584ac53d6cdb07284a72cd161","best_bid":"0.87","best_ask":"0.88"}],"timestamp":"1768250236802","event_type":"price_change"}}
{"schema_version":1,"source":"clob_ws_market","recv_ts_ns":1768250237048672492,"event_type":"price_change","market":"0x2a12fd3d8235c25c062dc9652970ef9f635636c4018df0909e1a51c673e125cb","server_ts_ms":1768250236808,"raw":{"market":"0x2a12fd3d8235c25c062dc9652970ef9f635636c4018df0909e1a51c673e125cb","price_changes":[{"asset_id":"63670753354844494163057275310194312729998307779831462269530137743341854359908","price":"0.89","size":"1423.5","side":"SELL","hash":"64a2a0bef440c31c32da1239dda6e2980b888d8b","best_bid":"0.87","best_ask":"0.88"},{"asset_id":"56386988715176239099720172290594769295756680374928571099138069977179519358166","price":"0.11","size":"1423.5","side":"BUY","hash":"c5e9d5e5d931a21fe7fa79ff862d6256cafc78e6","best_bid":"0.12","best_ask":"0.13"}],"timestamp":"1768250236808","event_type":"price_change"}}
{"schema_version":1,"source":"clob_ws_market","recv_ts_ns":1768250237053158085,"event_type":"price_change","market":"0x2a12fd3d8235c25c062dc9652970ef9f635636c4018df0909e1a51c673e125cb","server_ts_ms":1768250236819,"raw":{"market":"0x2a12fd3d8235c25c062dc9652970ef9f635636c4018df0909e1a51c673e125cb","price_changes":[{"asset_id":"56386988715176239099720172290594769295756680374928571099138069977179519358166","price":"0.1","size":"3464.5","side":"BUY","hash":"1d8c1ec702ee47fb305f511513bba26a43e52def","best_bid":"0.12","best_ask":"0.13"},{"asset_id":"63670753354844494163057275310194312729998307779831462269530137743341854359908","price":"0.9","size":"3464.5","side":"SELL","hash":"7088b0c2dcc13a37b1ee91ff7ef05175a1628b8e","best_bid":"0.87","best_ask":"0.88"}],"timestamp":"1768250236819","event_type":"price_change"}}
{"schema_version":1,"source":"clob_ws_market","recv_ts_ns":1768250237071979837,"event_type":"price_change","market":"0x2a12fd3d8235c25c062dc9652970ef9f635636c4018df0909e1a51c673e125cb","server_ts_ms":1768250236990,"raw":{"market":"0x2a12fd3d8235c25c062dc9652970ef9f635636c4018df0909e1a51c673e125cb","price_changes":[{"asset_id":"63670753354844494163057275310194312729998307779831462269530137743341854359908","price":"0.75","size":"722.5","side":"BUY","hash":"e673d1c1530beea2bca2e527a68e55cf91ca673a","best_bid":"0.87","best_ask":"0.88"},{"asset_id":"56386988715176239099720172290594769295756680374928571099138069977179519358166","price":"0.25","size":"722.5","side":"SELL","hash":"c6b95e38ead189b997ac2551e14cf2cb10ce8857","best_bid":"0.12","best_ask":"0.13"}],"timestamp":"1768250236990","event_type":"price_change"}}
{"schema_version":1,"source":"clob_ws_market","recv_ts_ns":1768250237102798987,"event_type":"best_bid_ask","market":"0x2a12fd3d8235c25c062dc9652970ef9f635636c4018df0909e1a51c673e125cb","server_ts_ms":1768250237064,"raw":{"market":"0x2a12fd3d8235c25c062dc9652970ef9f635636c4018df0909e1a51c673e125cb","asset_id":"63670753354844494163057275310194312729998307779831462269530137743341854359908","best_bid":"0.87","best_ask":"0.88","spread":"0.01","timestamp":"1768250237064","event_type":"best_bid_ask"}}
{"schema_version":1,"source":"clob_ws_market","recv_ts_ns":1768250237104609960,"event_type":"price_change","market":"0x2a12fd3d8235c25c062dc9652970ef9f635636c4018df0909e1a51c673e125cb","server_ts_ms":1768250237062,"raw":{"market":"0x2a12fd3d8235c25c062dc9652970ef9f635636c4018df0909e1a51c673e125cb","price_changes":[{"asset_id":"63670753354844494163057275310194312729998307779831462269530137743341854359908","price":"0.87","size":"12.03","side":"BUY","hash":"cdd2ab45b6bebcf18bc2c3433b8db9d169aad8bb","best_bid":"0.87","best_ask":"0.88"},{"asset_id":"56386988715176239099720172290594769295756680374928571099138069977179519358166","price":"0.13","size":"12.03","side":"SELL","hash":"f59ed04ce9aea25936c999416da2c5eb9831dfc5","best_bid":"0.12","best_ask":"0.13"}],"timestamp":"1768250237062","event_type":"price_change"}}
{"schema_version":1,"source":"clob_ws_market","recv_ts_ns":1768250237112110982,"event_type":"book","market":"0x2a12fd3d8235c25c062dc9652970ef9f635636c4018df0909e1a51c673e125cb","server_ts_ms":1768250237062,"raw":{"market":"0x2a12fd3d8235c25c062dc9652970ef9f635636c4018df0909e1a51c673e125cb","asset_id":"63670753354844494163057275310194312729998307779831462269530137743341854359908","bids":[{"price":"0.01","size":"10178.95"},{"price":"0.02","size":"5982"},{"price":"0.03","size":"5238.94"},{"price":"0.04","size":"5040"},{"price":"0.05","size":"5050"},{"price":"0.06","size":"5005"},{"price":"0.07","size":"5019.28"},{"price":"0.08","size":"5005"},{"price":"0.09","size":"5005"},{"price":"0.1","size":"5030"},{"price":"0.11","size":"5"},{"price":"0.12","size":"5"},{"price":"0.13","size":"5"},{"price":"0.14","size":"5"},{"price":"0.15","size":"10"},{"price":"0.16","size":"5"},{"price":"0.17","size":"5"},{"price":"0.18","size":"5"},{"price":"0.19","size":"5"},{"price":"0.2","size":"5"},{"price":"0.21","size":"5"},{"price":"0.22","size":"5"},{"price":"0.23","size":"5"},{"price":"0.24","size":"5"},{"price":"0.25","size":"10"},{"price":"0.26","size":"5"},{"price":"0.27","size":"5"},{"price":"0.28","size":"5"},{"price":"0.29","size":"15"},{"price":"0.3","size":"10"},{"price":"0.31","size":"5"},{"price":"0.32","size":"5"},{"price":"0.33","size":"5"},{"price":"0.34","size":"505"},{"price":"0.35","size":"510"},{"price":"0.36","size":"510"},{"price":"0.37","size":"505"},{"price":"0.38","size":"505"},{"price":"0.39","size":"755"},{"price":"0.4","size":"760"},{"price":"0.41","size":"916"},{"price":"0.42","size":"671"},{"price":"0.43","size":"827"},{"price":"0.44","size":"827"},{"price":"0.45","size":"817"},{"price":"0.46","size":"872"},{"price":"0.47","size":"839.65"},{"price":"0.48","size":"829"},{"price":"0.49","size":"817"},{"price":"0.5","size":"838.4"},{"price":"0.51","size":"867.58"},{"price":"0.52","size":"817"},{"price":"0.53","size":"827"},{"price":"0.54","size":"847.8"},{"price":"0.55","size":"836.09"},{"price":"0.56","size":"825"},{"price":"0.57","size":"847"},{"price":"0.58","size":"817"},{"price":"0.59","size":"817"},{"price":"0.6","size":"817"},{"price":"0.61","size":"834.5"},{"price":"0.62","size":"817"},{"price":"0.63","size":"497.49"},{"price":"0.64","size":"817"},{"price":"0.65","size":"872"},{"price":"0.66","size":"906.8"},{"price":"0.67","size":"906.8"},{"price":"0.68","size":"902"},{"price":"0.69","size":"1008.96"},{"price":"0.7","size":"911.6"},{"price":"0.71","size":"897"},{"price":"0.72","size":"899.55"},{"price":"0.73","size":"912"},{"price":"0.74","size":"1270.97"},{"price":"0.75","size":"722.5"},{"price":"0.76","size":"912.05"},{"price":"0.77","size":"748.5"},{"price":"0.78","size":"978.8"},{"price":"0.79","size":"969.5"},{"price":"0.8","size":"920"},{"price":"0.81","size":"798.21"},{"price":"0.82","size":"671"},{"price":"0.83","size":"759.52"},{"price":"0.84","size":"196"},{"price":"0.85","size":"194.99"},{"price":"0.86","size":"1187.63"},{"price":"0.87","size":"12.03"}],"asks":[{"price":"0.99","size":"10157.67"},{"price":"0.98","size":"6299.77"},{"price":"0.97","size":"5625.94"},{"price":"0.96","size":"5427"},{"price":"0.95","size":"3442"},{"price":"0.94","size":"1509.5"},{"price":"0.93","size":"1416.28"},{"price":"0.92","size":"1551.75"},{"price":"0.91","size":"1387"},{"price":"0.9","size":"3464.5"},{"price":"0.89","size":"1423.5"},{"price":"0.88","size":"866.35"}],"hash":"cdd2ab45b6bebcf18bc2c3433b8db9d169aad8bb","timestamp":"1768250237062","event_type":"book"}}
{"schema_version":1,"source":"clob_ws_market","recv_ts_ns":1768250237114498785,"event_type":"price_change","market":"0x2a12fd3d8235c25c062dc9652970ef9f635636c4018df0909e1a51c673e125cb","server_ts_ms":1768250237073,"raw":{"market":"0x2a12fd3d8235c25c062dc9652970ef9f635636c4018df0909e1a51c673e125cb","price_changes":[{"asset_id":"63670753354844494163057275310194312729998307779831462269530137743341854359908","price":"0.85","size":"219.99","side":"BUY","hash":"4c3e94d411deb042608d4c5c6c9d9f9233c120bb","best_bid":"0.87","best_ask":"0.88"},{"asset_id":"56386988715176239099720172290594769295756680374928571099138069977179519358166","price":"0.15","size":"219.99","side":"SELL","hash":"5019ebf4668ee42caa9cab38a60a901fe0ce0a4f","best_bid":"0.12","best_ask":"0.13"}],"timestamp":"1768250237073","event_type":"price_change"}}
{"schema_version":1,"source":"clob_ws_market","recv_ts_ns":1768250237157844944,"event_type":"price_change","market":"0x2a12fd3d8235c25c062dc9652970ef9f635636c4018df0909e1a51c673e125cb","server_ts_ms":1768250237134,"raw":{"market":"0x2a12fd3d8235c25c062dc9652970ef9f635636c4018df0909e1a51c673e125cb","price_changes":[{"asset_id":"56386988715176239099720172290594769295756680374928571099138069977179519358166","price":"0.06","size":"1492.5","side":"BUY","hash":"dfc299af8c70f39f5b49e05928f1328e3df04d3b","best_bid":"0.12","best_ask":"0.13"},{"asset_id":"63670753354844494163057275310194312729998307779831462269530137743341854359908","price":"0.94","size":"1492.5","side":"SELL","hash":"8be14879a8784dc026c6d79f4151de529efb29e1","best_bid":"0.87","best_ask":"0.88"}],"timestamp":"1768250237134","event_type":"price_change"}}
{"schema_version":1,"source":"clob_ws_market","recv_ts_ns":1768250237205873076,"event_type":"price_change","market":"0x2a12fd3d8235c25c062dc9652970ef9f635636c4018df0909e1a51c673e125cb","server_ts_ms":1768250237167,"raw":{"market":"0x2a12fd3d8235c25c062dc9652970ef9f635636c4018df0909e1a51c673e125cb","price_changes":[{"asset_id":"56386988715176239099720172290594769295756680374928571099138069977179519358166","price":"0.05","size":"3462","side":"BUY","hash":"729db43f24d7d5013ffdf0e6072ea28e5efdb69e","best_bid":"0.12","best_ask":"0.13"},{"asset_id":"63670753354844494163057275310194312729998307779831462269530137743341854359908","price":"0.95","size":"3462","side":"SELL","hash":"d028429fa9f10b815ff9509a37f4151edba59532","best_bid":"0.87","best_ask":"0.88"}],"timestamp":"1768250237167","event_type":"price_change"}}
{"schema_version":1,"source":"clob_ws_market","recv_ts_ns":1768250237240165619,"event_type":"price_change","market":"0x2a12fd3d8235c25c062dc9652970ef9f635636c4018df0909e1a51c673e125cb","server_ts_ms":1768250237209,"raw":{"market":"0x2a12fd3d8235c25c062dc9652970ef9f635636c4018df0909e1a51c673e125cb","price_changes":[{"asset_id":"63670753354844494163057275310194312729998307779831462269530137743341854359908","price":"0.8","size":"914","side":"BUY","hash":"7235182c5316f777ace5dd379a4d80f5d4ab3b67","best_bid":"0.87","best_ask":"0.88"},{"asset_id":"56386988715176239099720172290594769295756680374928571099138069977179519358166","price":"0.2","size":"914","side":"SELL","hash":"eb4301f03215533b69faf3acabb7bf6be2621966","best_bid":"0.12","best_ask":"0.13"}],"timestamp":"1768250237209","event_type":"price_change"}}
{"schema_version":1,"source":"clob_ws_market","recv_ts_ns":1768250237245967467,"event_type":"price_change","market":"0x2a12fd3d8235c25c062dc9652970ef9f635636c4018df0909e1a51c673e125cb","server_ts_ms":1768250237209,"raw":{"market":"0x2a12fd3d8235c25c062dc9652970ef9f635636c4018df0909e1a51c673e125cb","price_changes":[{"asset_id":"63670753354844494163057275310194312729998307779831462269530137743341854359908","price":"0.91","size":"1382","side":"SELL","hash":"7235182c5316f777ace5dd379a4d80f5d4ab3b67","best_bid":"0.87","best_ask":"0.88"},{"asset_id":"56386988715176239099720172290594769295756680374928571099138069977179519358166","price":"0.09","size":"1382","side":"BUY","hash":"eb4301f03215533b69faf3acabb7bf6be2621966","best_bid":"0.12","best_ask":"0.13"}],"timestamp":"1768250237209","event_type":"price_change"}}
{"schema_version":1,"source":"clob_ws_market","recv_ts_ns":1768250237350610575,"event_type":"price_change","market":"0x2a12fd3d8235c25c062dc9652970ef9f635636c4018df0909e1a51c673e125cb","server_ts_ms":1768250237237,"raw":{"market":"0x2a12fd3d8235c25c062dc9652970ef9f635636c4018df0909e1a51c673e125cb","price_changes":[{"asset_id":"63670753354844494163057275310194312729998307779831462269530137743341854359908","price":"0.81","size":"804.21","side":"BUY","hash":"847d9cc4d27129a8a808bbe8dd54c93faf135432","best_bid":"0.87","best_ask":"0.88"},{"asset_id":"56386988715176239099720172290594769295756680374928571099138069977179519358166","price":"0.19","size":"804.21","side":"SELL","hash":"34a63b9e224f011d7722ea48a05fd61fc0403d42","best_bid":"0.12","best_ask":"0.13"}],"timestamp":"1768250237237","event_type":"price_change"}}
{"schema_version":1,"source":"clob_ws_market","recv_ts_ns":1768250237356840251,"event_type":"price_change","market":"0x2a12fd3d8235c25c062dc9652970ef9f635636c4018df0909e1a51c673e125cb","server_ts_ms":1768250237239,"raw":{"market":"0x2a12fd3d8235c25c062dc9652970ef9f635636c4018df0909e1a51c673e125cb","price_changes":[{"asset_id":"63670753354844494163057275310194312729998307779831462269530137743341854359908","price":"0.92","size":"1556.75","side":"SELL","hash":"fc000dee20641dad6d246fcf7b0c1e3d5510850d","best_bid":"0.87","best_ask":"0.88"},{"asset_id":"56386988715176239099720172290594769295756680374928571099138069977179519358166","price":"0.08","size":"1556.75","side":"BUY","hash":"06e7c08dca361e32b7b985a7e32c7036c601afbd","best_bid":"0.12","best_ask":"0.13"}],"timestamp":"1768250237239","event_type":"price_change"}}
{"schema_version":1,"source":"clob_ws_market","recv_ts_ns":1768250237386786676,"event_type":"price_change","market":"0x2a12fd3d8235c25c062dc9652970ef9f635636c4018df0909e1a51c673e125cb","server_ts_ms":1768250237243,"raw":{"market":"0x2a12fd3d8235c25c062dc9652970ef9f635636c4018df0909e1a51c673e125cb","price_changes":[{"asset_id":"56386988715176239099720172290594769295756680374928571099138069977179519358166","price":"0.22","size":"916.9","side":"SELL","hash":"adbecbfdce2edfc176209c7a236661ecdb91060a","best_bid":"0.12","best_ask":"0.13"},{"asset_id":"63670753354844494163057275310194312729998307779831462269530137743341854359908","price":"0.78","size":"916.9","side":"BUY","hash":"f78e255340e7897290acef6af833450472e6a070","best_bid":"0.87","best_ask":"0.88"}],"timestamp":"1768250237243","event_type":"price_change"}}
{"schema_version":1,"source":"clob_ws_market","recv_ts_ns":1768250237504603273,"event_type":"price_change","market":"0x2a12fd3d8235c25c062dc9652970ef9f635636c4018df0909e1a51c673e125cb","server_ts_ms":1768250237303,"raw":{"market":"0x2a12fd3d8235c25c062dc9652970ef9f635636c4018df0909e1a51c673e125cb","price_changes":[{"asset_id":"63670753354844494163057275310194312729998307779831462269530137743341854359908","price":"0.84","size":"696","side":"BUY","hash":"6b7237ba2484f979dd3197ff214f719014db901e","best_bid":"0.87","best_ask":"0.88"},{"asset_id":"56386988715176239099720172290594769295756680374928571099138069977179519358166","price":"0.16","size":"696","side":"SELL","hash":"85c154e2198ebd3a924460020037379be91b6185","best_bid":"0.12","best_ask":"0.13"}],"timestamp":"1768250237303","event_type":"price_change"}}
{"schema_version":1,"source":"clob_ws_market","recv_ts_ns":1768250237509531244,"event_type":"price_change","market":"0x2a12fd3d8235c25c062dc9652970ef9f635636c4018df0909e1a51c673e125cb","server_ts_ms":1768250237314,"raw":{"market":"0x2a12fd3d8235c25c062dc9652970ef9f635636c4018df0909e1a51c673e125cb","price_changes":[{"asset_id":"56386988715176239099720172290594769295756680374928571099138069977179519358166","price":"0.2","size":"975.9","side":"SELL","hash":"1be3b638bddc6ecba933a8335c2b3dda4474e4e8","best_bid":"0.12","best_ask":"0.13"},{"asset_id":"63670753354844494163057275310194312729998307779831462269530137743341854359908","price":"0.8","size":"975.9","side":"BUY","hash":"8df104ea012028076192a81938c7030c4d5ee2eb","best_bid":"0.87","best_ask":"0.88"}],"timestamp":"1768250237314","event_type":"price_change"}}
{"schema_version":1,"source":"clob_ws_market","recv_ts_ns":1768250237520144584,"event_type":"price_change","market":"0x2a12fd3d8235c25c062dc9652970ef9f635636c4018df0909e1a51c673e125cb","server_ts_ms":1768250237342,"raw":{"market":"0x2a12fd3d8235c25c062dc9652970ef9f635636c4018df0909e1a51c673e125cb","price_changes":[{"asset_id":"63670753354844494163057275310194312729998307779831462269530137743341854359908","price":"0.84","size":"196","side":"BUY","hash":"8b0f84b840c9768d62401d6ce564c5470b2a91a4","best_bid":"0.87","best_ask":"0.88"},{"asset_id":"56386988715176239099720172290594769295756680374928571099138069977179519358166","price":"0.16","size":"196","side":"SELL","hash":"a50f56b8dc6cc4c689081d752840e86f0b2ab646","best_bid":"0.12","best_ask":"0.13"}],"timestamp":"1768250237342","event_type":"price_change"}}
{"schema_version":1,"source":"clob_ws_market","recv_ts_ns":1768250237524887772,"event_type":"price_change","market":"0x2a12fd3d8235c25c062dc9652970ef9f635636c4018df0909e1a51c673e125cb","server_ts_ms":1768250237346,"raw":{"market":"0x2a12fd3d8235c25c062dc9652970ef9f635636c4018df0909e1a51c673e125cb","price_changes":[{"asset_id":"63670753354844494163057275310194312729998307779831462269530137743341854359908","price":"0.81","size":"798.21","side":"BUY","hash":"12a8d94ef519390bde7d0039acc9e4516dea182a","best_bid":"0.87","best_ask":"0.88"},{"asset_id":"56386988715176239099720172290594769295756680374928571099138069977179519358166","price":"0.19","size":"798.21","side":"SELL","hash":"088d288c9886615618e463d0579d3bc686fc766a","best_bid":"0.12","best_ask":"0.13"}],"timestamp":"1768250237346","event_type":"price_change"}}
{"schema_version":1,"source":"clob_ws_market","recv_ts_ns":1768250237530134179,"event_type":"price_change","market":"0x2a12fd3d8235c25c062dc9652970ef9f635636c4018df0909e1a51c673e125cb","server_ts_ms":1768250237346,"raw":{"market":"0x2a12fd3d8235c25c062dc9652970ef9f635636c4018df0909e1a51c673e125cb","price_changes":[{"asset_id":"63670753354844494163057275310194312729998307779831462269530137743341854359908","price":"0.92","size":"1551.75","side":"SELL","hash":"12a8d94ef519390bde7d0039acc9e4516dea182a","best_bid":"0.87","best_ask":"0.88"},{"asset_id":"56386988715176239099720172290594769295756680374928571099138069977179519358166","price":"0.08","size":"1551.75","side":"BUY","hash":"088d288c9886615618e463d0579d3bc686fc766a","best_bid":"0.12","best_ask":"0.13"}],"timestamp":"1768250237346","event_type":"price_change"}}
{"schema_version":1,"source":"clob_ws_market","recv_ts_ns":1768250237533956059,"event_type":"price_change","market":"0x2a12fd3d8235c25c062dc9652970ef9f635636c4018df0909e1a51c673e125cb","server_ts_ms":1768250237373,"raw":{"market":"0x2a12fd3d8235c25c062dc9652970ef9f635636c4018df0909e1a51c673e125cb","price_changes":[{"asset_id":"63670753354844494163057275310194312729998307779831462269530137743341854359908","price":"0.91","size":"1387","side":"SELL","hash":"fb353565b0b4f7231767f9918493d316407c99dd","best_bid":"0.87","best_ask":"0.88"},{"asset_id":"56386988715176239099720172290594769295756680374928571099138069977179519358166","price":"0.09","size":"1387","side":"BUY","hash":"c854b9489dc090c5cffde7e87b5eb992cdfc777f","best_bid":"0.12","best_ask":"0.13"}],"timestamp":"1768250237373","event_type":"price_change"}}
{"schema_version":1,"source":"clob_ws_market","recv_ts_ns":1768250237537464751,"event_type":"price_change","market":"0x2a12fd3d8235c25c062dc9652970ef9f635636c4018df0909e1a51c673e125cb","server_ts_ms":1768250237373,"raw":{"market":"0x2a12fd3d8235c25c062dc9652970ef9f635636c4018df0909e1a51c673e125cb","price_changes":[{"asset_id":"63670753354844494163057275310194312729998307779831462269530137743341854359908","price":"0.8","size":"981.9","side":"BUY","hash":"bed86dae88b6b83e59fcfbd9dbaa750c254bec95","best_bid":"0.87","best_ask":"0.88"},{"asset_id":"56386988715176239099720172290594769295756680374928571099138069977179519358166","price":"0.2","size":"981.9","side":"SELL","hash":"b89dafeb6339102b3f132f1c43038b29178befeb","best_bid":"0.12","best_ask":"0.13"}],"timestamp":"1768250237373","event_type":"price_change"}}
{"schema_version":1,"source":"clob_ws_market","recv_ts_ns":1768250237546804998,"event_type":"price_change","market":"0x2a12fd3d8235c25c062dc9652970ef9f635636c4018df0909e1a51c673e125cb","server_ts_ms":1768250237415,"raw":{"market":"0x2a12fd3d8235c25c062dc9652970ef9f635636c4018df0909e1a51c673e125cb","price_changes":[{"asset_id":"63670753354844494163057275310194312729998307779831462269530137743341854359908","price":"0.87","size":"10","side":"BUY","hash":"c88ef2cea79addc9d5b2ad98d5a4c8f567c6f5c5","best_bid":"0.87","best_ask":"0.88"},{"asset_id":"56386988715176239099720172290594769295756680374928571099138069977179519358166","price":"0.13","size":"10","side":"SELL","hash":"66cce531779fd2fa6668284f2989f90395ac5c8d","best_bid":"0.12","best_ask":"0.13"}],"timestamp":"1768250237415","event_type":"price_change"}}
{"schema_version":1,"source":"clob_ws_market","recv_ts_ns":1768250237617728634,"event_type":"price_change","market":"0x2a12fd3d8235c25c062dc9652970ef9f635636c4018df0909e1a51c673e125cb","server_ts_ms":1768250237537,"raw":{"market":"0x2a12fd3d8235c25c062dc9652970ef9f635636c4018df0909e1a51c673e125cb","price_changes":[{"asset_id":"63670753354844494163057275310194312729998307779831462269530137743341854359908","price":"0.84","size":"696","side":"BUY","hash":"f6c6f8234fa46097ec36a81f00d80b56af632829","best_bid":"0.87","best_ask":"0.88"},{"asset_id":"56386988715176239099720172290594769295756680374928571099138069977179519358166","price":"0.16","size":"696","side":"SELL","hash":"55167447fc3f8173885b7e028e22eae175e6a778","best_bid":"0.12","best_ask":"0.13"}],"timestamp":"1768250237537","event_type":"price_change"}}
{"schema_version":1,"source":"clob_ws_market","recv_ts_ns":1768250237916489258,"event_type":"best_bid_ask","market":"0x2a12fd3d8235c25c062dc9652970ef9f635636c4018df0909e1a51c673e125cb","server_ts_ms":1768250237876,"raw":{"market":"0x2a12fd3d8235c25c062dc9652970ef9f635636c4018df0909e1a51c673e125cb","asset_id":"63670753354844494163057275310194312729998307779831462269530137743341854359908","best_bid":"0.87","best_ask":"0.88","spread":"0.01","timestamp":"1768250237876","event_type":"best_bid_ask"}}
{"schema_version":1,"source":"clob_ws_market","recv_ts_ns":1768250237918552625,"event_type":"price_change","market":"0x2a12fd3d8235c25c062dc9652970ef9f635636c4018df0909e1a51c673e125cb","server_ts_ms":1768250237872,"raw":{"market":"0x2a12fd3d8235c25c062dc9652970ef9f635636c4018df0909e1a51c673e125cb","price_changes":[{"asset_id":"56386988715176239099720172290594769295756680374928571099138069977179519358166","price":"0.12","size":"854.48","side":"BUY","hash":"2f801e7c113aca5ae2d2338f1f82d2049756c734","best_bid":"0.12","best_ask":"0.13"},{"asset_id":"63670753354844494163057275310194312729998307779831462269530137743341854359908","price":"0.88","size":"854.48","side":"SELL","hash":"4df67465471e781d1887237b4456f3a87fb9fc70","best_bid":"0.87","best_ask":"0.88"}],"timestamp":"1768250237872","event_type":"price_change"}}
{"schema_version":1,"source":"clob_ws_market","recv_ts_ns":1768250237928573683,"event_type":"book","market":"0x2a12fd3d8235c25c062dc9652970ef9f635636c4018df0909e1a51c673e125cb","server_ts_ms":1768250237872,"raw":{"market":"0x2a12fd3d8235c25c062dc9652970ef9f635636c4018df0909e1a51c673e125cb","asset_id":"63670753354844494163057275310194312729998307779831462269530137743341854359908","bids":[{"price":"0.01","size":"10178.95"},{"price":"0.02","size":"5982"},{"price":"0.03","size":"5238.94"},{"price":"0.04","size":"5040"},{"price":"0.05","size":"5050"},{"price":"0.06","size":"5005"},{"price":"0.07","size":"5019.28"},{"price":"0.08","size":"5005"},{"price":"0.09","size":"5005"},{"price":"0.1","size":"5030"},{"price":"0.11","size":"5"},{"price":"0.12","size":"5"},{"price":"0.13","size":"5"},{"price":"0.14","size":"5"},{"price":"0.15","size":"10"},{"price":"0.16","size":"5"},{"price":"0.17","size":"5"},{"price":"0.18","size":"5"},{"price":"0.19","size":"5"},{"price":"0.2","size":"5"},{"price":"0.21","size":"5"},{"price":"0.22","size":"5"},{"price":"0.23","size":"5"},{"price":"0.24","size":"5"},{"price":"0.25","size":"10"},{"price":"0.26","size":"5"},{"price":"0.27","size":"5"},{"price":"0.28","size":"5"},{"price":"0.29","size":"15"},{"price":"0.3","size":"10"},{"price":"0.31","size":"5"},{"price":"0.32","size":"5"},{"price":"0.33","size":"5"},{"price":"0.34","size":"505"},{"price":"0.35","size":"510"},{"price":"0.36","size":"510"},{"price":"0.37","size":"505"},{"price":"0.38","size":"505"},{"price":"0.39","size":"755"},{"price":"0.4","size":"760"},{"price":"0.41","size":"916"},{"price":"0.42","size":"671"},{"price":"0.43","size":"827"},{"price":"0.44","size":"827"},{"price":"0.45","size":"817"},{"price":"0.46","size":"872"},{"price":"0.47","size":"839.65"},{"price":"0.48","size":"829"},{"price":"0.49","size":"817"},{"price":"0.5","size":"838.4"},{"price":"0.51","size":"867.58"},{"price":"0.52","size":"817"},{"price":"0.53","size":"827"},{"price":"0.54","size":"847.8"},{"price":"0.55","size":"836.09"},{"price":"0.56","size":"825"},{"price":"0.57","size":"847"},{"price":"0.58","size":"817"},{"price":"0.59","size":"817"},{"price":"0.6","size":"817"},{"price":"0.61","size":"834.5"},{"price":"0.62","size":"817"},{"price":"0.63","size":"497.49"},{"price":"0.64","size":"817"},{"price":"0.65","size":"872"},{"price":"0.66","size":"906.8"},{"price":"0.67","size":"906.8"},{"price":"0.68","size":"902"},{"price":"0.69","size":"1008.96"},{"price":"0.7","size":"911.6"},{"price":"0.71","size":"897"},{"price":"0.72","size":"899.55"},{"price":"0.73","size":"912"},{"price":"0.74","size":"1270.97"},{"price":"0.75","size":"722.5"},{"price":"0.76","size":"912.05"},{"price":"0.77","size":"748.5"},{"price":"0.78","size":"916.9"},{"price":"0.79","size":"969.5"},{"price":"0.8","size":"981.9"},{"price":"0.81","size":"798.21"},{"price":"0.82","size":"671"},{"price":"0.83","size":"759.52"},{"price":"0.84","size":"696"},{"price":"0.85","size":"219.99"},{"price":"0.86","size":"1187.63"},{"price":"0.87","size":"10"}],"asks":[{"price":"0.99","size":"10157.67"},{"price":"0.98","size":"6299.77"},{"price":"0.97","size":"5625.94"},{"price":"0.96","size":"5427"},{"price":"0.95","size":"3462"},{"price":"0.94","size":"1492.5"},{"price":"0.93","size":"1416.28"},{"price":"0.92","size":"1551.75"},{"price":"0.91","size":"1387"},{"price":"0.9","size":"3464.5"},{"price":"0.89","size":"1423.5"},{"price":"0.88","size":"854.48"}],"hash":"4df67465471e781d1887237b4456f3a87fb9fc70","timestamp":"1768250237872","event_type":"book"}}
{"schema_version":1,"source":"clob_ws_market","recv_ts_ns":1768250237935598126,"event_type":"last_trade_price","market":"0x2a12fd3d8235c25c062dc9652970ef9f635636c4018df0909e1a51c673e125cb","server_ts_ms":1768250237905,"raw":{"market":"0x2a12fd3d8235c25c062dc9652970ef9f635636c4018df0909e1a51c673e125cb","asset_id":"63670753354844494163057275310194312729998307779831462269530137743341854359908","price":"0.88","size":"11.863633","fee_rate_bps":"1000","side":"BUY","timestamp":"1768250237905","event_type":"last_trade_price","transaction_hash":"0xf3991a9937b0cc6d4fd5b770cef21defe2c9aae5e82b2526a8600559594fadd7"}}
{"schema_version":1,"source":"clob_ws_market","recv_ts_ns":1768250238121467321,"event_type":"price_change","market":"0x2a12fd3d8235c25c062dc9652970ef9f635636c4018df0909e1a51c673e125cb","server_ts_ms":1768250238006,"raw":{"market":"0x2a12fd3d8235c25c062dc9652970ef9f635636c4018df0909e1a51c673e125cb","price_changes":[{"asset_id":"56386988715176239099720172290594769295756680374928571099138069977179519358166","price":"0.12","size":"859.48","side":"BUY","hash":"7b8585825260e76e60d5fede91f3900de3163bdf","best_bid":"0.12","best_ask":"0.13"},{"asset_id":"63670753354844494163057275310194312729998307779831462269530137743341854359908","price":"0.88","size":"859.48","side":"SELL","hash":"fba11ae23bec952f72bc9a3af0d7c7b1b5d1a22c","best_bid":"0.87","best_ask":"0.88"}],"timestamp":"1768250238006","event_type":"price_change"}}
{"schema_version":1,"source":"clob_ws_market","recv_ts_ns":1768250238164646915,"event_type":"price_change","market":"0x2a12fd3d8235c25c062dc9652970ef9f635636c4018df0909e1a51c673e125cb","server_ts_ms":1768250238121,"raw":{"market":"0x2a12fd3d8235c25c062dc9652970ef9f635636c4018df0909e1a51c673e125cb","price_changes":[{"asset_id":"56386988715176239099720172290594769295756680374928571099138069977179519358166","price":"0.12","size":"864.48","side":"BUY","hash":"6b589114c8a24bd58741f16e3e08d63bc26fc037","best_bid":"0.12","best_ask":"0.13"},{"asset_id":"63670753354844494163057275310194312729998307779831462269530137743341854359908","price":"0.88","size":"864.48","side":"SELL","hash":"736198e7cf00ebb53ff13ee6a92a55f11749d215","best_bid":"0.87","best_ask":"0.88"}],"timestamp":"1768250238121","event_type":"price_change"}}
{"schema_version":1,"source":"clob_ws_market","recv_ts_ns":1768250238178294544,"event_type":"price_change","market":"0x2a12fd3d8235c25c062dc9652970ef9f635636c4018df0909e1a51c673e125cb","server_ts_ms":1768250238148,"raw":{"market":"0x2a12fd3d8235c25c062dc9652970ef9f635636c4018df0909e1a51c673e125cb","price_changes":[{"asset_id":"63670753354844494163057275310194312729998307779831462269530137743341854359908","price":"0.87","size":"410","side":"BUY","hash":"b1d27374bd19eebacc996bdb6664115e3bc264b2","best_bid":"0.87","best_ask":"0.88"},{"asset_id":"56386988715176239099720172290594769295756680374928571099138069977179519358166","price":"0.13","size":"410","side":"SELL","hash":"ae61ed4e04e13c23ea2a33bba6a1101230933c85","best_bid":"0.12","best_ask":"0.13"}],"timestamp":"1768250238148","event_type":"price_change"}}
{"schema_version":1,"source":"clob_ws_market","recv_ts_ns":1768250238193718169,"event_type":"price_change","market":"0x2a12fd3d8235c25c062dc9652970ef9f635636c4018df0909e1a51c673e125cb","server_ts_ms":1768250238168,"raw":{"market":"0x2a12fd3d8235c25c062dc9652970ef9f635636c4018df0909e1a51c673e125cb","price_changes":[{"asset_id":"63670753354844494163057275310194312729998307779831462269530137743341854359908","price":"0.86","size":"1338.63","side":"BUY","hash":"26d40daeaa644c70308de54151c8da6d477b5ce6","best_bid":"0.87","best_ask":"0.88"},{"asset_id":"56386988715176239099720172290594769295756680374928571099138069977179519358166","price":"0.14","size":"1338.63","side":"SELL","hash":"be5eb49781dabe1db387105eaeb175bf01752ba6","best_bid":"0.12","best_ask":"0.13"}],"timestamp":"1768250238168","event_type":"price_change"}}
{"schema_version":1,"source":"clob_ws_market","recv_ts_ns":1768250238354352622,"event_type":"price_change","market":"0x2a12fd3d8235c25c062dc9652970ef9f635636c4018df0909e1a51c673e125cb","server_ts_ms":1768250238333,"raw":{"market":"0x2a12fd3d8235c25c062dc9652970ef9f635636c4018df0909e1a51c673e125cb","price_changes":[{"asset_id":"56386988715176239099720172290594769295756680374928571099138069977179519358166","price":"0.05","size":"3442","side":"BUY","hash":"ef1605a18dabbe5cc9e3ceca9010bb58fcf7555a","best_bid":"0.12","best_ask":"0.13"},{"asset_id":"63670753354844494163057275310194312729998307779831462269530137743341854359908","price":"0.95","size":"3442","side":"SELL","hash":"65c4548e699c39a9f361c3eefd88af6e8b433fe0","best_bid":"0.87","best_ask":"0.88"}],"timestamp":"1768250238333","event_type":"price_change"}}
{"schema_version":1,"source":"clob_ws_market","recv_ts_ns":1768250238376574699,"event_type":"price_change","market":"0x2a12fd3d8235c25c062dc9652970ef9f635636c4018df0909e1a51c673e125cb","server_ts_ms":1768250238351,"raw":{"market":"0x2a12fd3d8235c25c062dc9652970ef9f635636c4018df0909e1a51c673e125cb","price_changes":[{"asset_id":"63670753354844494163057275310194312729998307779831462269530137743341854359908","price":"0.85","size":"194.99","side":"BUY","hash":"d5b3380d0236f6706034c8f0a1d6bebf61518dda","best_bid":"0.87","best_ask":"0.88"},{"asset_id":"56386988715176239099720172290594769295756680374928571099138069977179519358166","price":"0.15","size":"194.99","side":"SELL","hash":"6f102357e8f8532d2dff5ae989731282e495d306","best_bid":"0.12","best_ask":"0.13"}],"timestamp":"1768250238351","event_type":"price_change"}}
{"schema_version":1,"source":"clob_ws_market","recv_ts_ns":1768250238387841488,"event_type":"price_change","market":"0x2a12fd3d8235c25c062dc9652970ef9f635636c4018df0909e1a51c673e125cb","server_ts_ms":1768250238363,"raw":{"market":"0x2a12fd3d8235c25c062dc9652970ef9f635636c4018df0909e1a51c673e125cb","price_changes":[{"asset_id":"56386988715176239099720172290594769295756680374928571099138069977179519358166","price":"0.04","size":"5452","side":"BUY","hash":"3698e0ab1698124d88eeaf8fe09985f9f81bd6d4","best_bid":"0.12","best_ask":"0.13"},{"asset_id":"63670753354844494163057275310194312729998307779831462269530137743341854359908","price":"0.96","size":"5452","side":"SELL","hash":"5c2eebbe9d188cf89bc526514463c8d006d4279e","best_bid":"0.87","best_ask":"0.88"}],"timestamp":"1768250238363","event_type":"price_change"}}
{"schema_version":1,"source":"clob_ws_market","recv_ts_ns":1768250238476572743,"event_type":"price_change","market":"0x2a12fd3d8235c25c062dc9652970ef9f635636c4018df0909e1a51c673e125cb","server_ts_ms":1768250238448,"raw":{"market":"0x2a12fd3d8235c25c062dc9652970ef9f635636c4018df0909e1a51c673e125cb","price_changes":[{"asset_id":"63670753354844494163057275310194312729998307779831462269530137743341854359908","price":"0.84","size":"196","side":"BUY","hash":"ea7d94af31844ccd39988275b96d4ebfffc7dba9","best_bid":"0.87","best_ask":"0.88"},{"asset_id":"56386988715176239099720172290594769295756680374928571099138069977179519358166","price":"0.16","size":"196","side":"SELL","hash":"d0a553a4585d1ae7124386c000c55fb3cc707359","best_bid":"0.12","best_ask":"0.13"}],"timestamp":"1768250238448","event_type":"price_change"}}
{"schema_version":1,"source":"clob_ws_market","recv_ts_ns":1768250238500552498,"event_type":"price_change","market":"0x2a12fd3d8235c25c062dc9652970ef9f635636c4018df0909e1a51c673e125cb","server_ts_ms":1768250238476,"raw":{"market":"0x2a12fd3d8235c25c062dc9652970ef9f635636c4018df0909e1a51c673e125cb","price_changes":[{"asset_id":"63670753354844494163057275310194312729998307779831462269530137743341854359908","price":"0.86","size":"1333.13","side":"BUY","hash":"0ab16b50dfbf4adffa3330fcd8f3ec4be0cd5b5f","best_bid":"0.87","best_ask":"0.88"},{"asset_id":"56386988715176239099720172290594769295756680374928571099138069977179519358166","price":"0.14","size":"1333.13","side":"SELL","hash":"5fbc7cac7da6e94f4872327293cb2978ff368652","best_bid":"0.12","best_ask":"0.13"}],"timestamp":"1768250238476","event_type":"price_change"}}
{"schema_version":1,"source":"clob_ws_market","recv_ts_ns":1768250238563201085,"event_type":"price_change","market":"0x2a12fd3d8235c25c062dc9652970ef9f635636c4018df0909e1a51c673e125cb","server_ts_ms":1768250238527,"raw":{"market":"0x2a12fd3d8235c25c062dc9652970ef9f635636c4018df0909e1a51c673e125cb","price_changes":[{"asset_id":"63670753354844494163057275310194312729998307779831462269530137743341854359908","price":"0.87","size":"415.5","side":"BUY","hash":"bd3db06ef53cf07cf25385a40fef0618220a0c9c","best_bid":"0.87","best_ask":"0.88"},{"asset_id":"56386988715176239099720172290594769295756680374928571099138069977179519358166","price":"0.13","size":"415.5","side":"SELL","hash":"3b51b321bf02fd58957b759bdf830fb00c2575b8","best_bid":"0.12","best_ask":"0.13"}],"timestamp":"1768250238527","event_type":"price_change"}}
{"schema_version":1,"source":"clob_ws_market","recv_ts_ns":1768250238595667534,"event_type":"best_bid_ask","market":"0x2a12fd3d8235c25c062dc9652970ef9f635636c4018df0909e1a51c673e125cb","server_ts_ms":1768250238562,"raw":{"market":"0x2a12fd3d8235c25c062dc9652970ef9f635636c4018df0909e1a51c673e125cb","asset_id":"63670753354844494163057275310194312729998307779831462269530137743341854359908","best_bid":"0.87","best_ask":"0.88","spread":"0.01","timestamp":"1768250238562","event_type":"best_bid_ask"}}
{"schema_version":1,"source":"clob_ws_market","recv_ts_ns":1768250238598145241,"event_type":"price_change","market":"0x2a12fd3d8235c25c062dc9652970ef9f635636c4018df0909e1a51c673e125cb","server_ts_ms":1768250238560,"raw":{"market":"0x2a12fd3d8235c25c062dc9652970ef9f635636c4018df0909e1a51c673e125cb","price_changes":[{"asset_id":"56386988715176239099720172290594769295756680374928571099138069977179519358166","price":"0.12","size":"863.25","side":"BUY","hash":"f42bfcd7f095873f43d006771f35fb24cb0fe0b1","best_bid":"0.12","best_ask":"0.13"},{"asset_id":"63670753354844494163057275310194312729998307779831462269530137743341854359908","price":"0.88","size":"863.25","side":"SELL","hash":"72b2dc6c7fd04a1a4635d3d3b53f27b2061bc684","best_bid":"0.87","best_ask":"0.88"}],"timestamp":"1768250238560","event_type":"price_change"}}
{"schema_version":1,"source":"clob_ws_market","recv_ts_ns":1768250238606874543,"event_type":"book","market":"0x2a12fd3d8235c25c062dc9652970ef9f635636c4018df0909e1a51c673e125cb","server_ts_ms":1768250238560,"raw":{"market":"0x2a12fd3d8235c25c062dc9652970ef9f635636c4018df0909e1a51c673e125cb","asset_id":"63670753354844494163057275310194312729998307779831462269530137743341854359908","bids":[{"price":"0.01","size":"10178.95"},{"price":"0.02","size":"5982"},{"price":"0.03","size":"5238.94"},{"price":"0.04","size":"5040"},{"price":"0.05","size":"5050"},{"price":"0.06","size":"5005"},{"price":"0.07","size":"5019.28"},{"price":"0.08","size":"5005"},{"price":"0.09","size":"5005"},{"price":"0.1","size":"5030"},{"price":"0.11","size":"5"},{"price":"0.12","size":"5"},{"price":"0.13","size":"5"},{"price":"0.14","size":"5"},{"price":"0.15","size":"10"},{"price":"0.16","size":"5"},{"price":"0.17","size":"5"},{"price":"0.18","size":"5"},{"price":"0.19","size":"5"},{"price":"0.2","size":"5"},{"price":"0.21","size":"5"},{"price":"0.22","size":"5"},{"price":"0.23","size":"5"},{"price":"0.24","size":"5"},{"price":"0.25","size":"10"},{"price":"0.26","size":"5"},{"price":"0.27","size":"5"},{"price":"0.28","size":"5"},{"price":"0.29","size":"15"},{"price":"0.3","size":"10"},{"price":"0.31","size":"5"},{"price":"0.32","size":"5"},{"price":"0.33","size":"5"},{"price":"0.34","size":"505"},{"price":"0.35","size":"510"},{"price":"0.36","size":"510"},{"price":"0.37","size":"505"},{"price":"0.38","size":"505"},{"price":"0.39","size":"755"},{"price":"0.4","size":"760"},{"price":"0.41","size":"916"},{"price":"0.42","size":"671"},{"price":"0.43","size":"827"},{"price":"0.44","size":"827"},{"price":"0.45","size":"817"},{"price":"0.46","size":"872"},{"price":"0.47","size":"839.65"},{"price":"0.48","size":"829"},{"price":"0.49","size":"817"},{"price":"0.5","size":"838.4"},{"price":"0.51","size":"867.58"},{"price":"0.52","size":"817"},{"price":"0.53","size":"827"},{"price":"0.54","size":"847.8"},{"price":"0.55","size":"836.09"},{"price":"0.56","size":"825"},{"price":"0.57","size":"847"},{"price":"0.58","size":"817"},{"price":"0.59","size":"817"},{"price":"0.6","size":"817"},{"price":"0.61","size":"834.5"},{"price":"0.62","size":"817"},{"price":"0.63","size":"497.49"},{"price":"0.64","size":"817"},{"price":"0.65","size":"872"},{"price":"0.66","size":"906.8"},{"price":"0.67","size":"906.8"},{"price":"0.68","size":"902"},{"price":"0.69","size":"1008.96"},{"price":"0.7","size":"911.6"},{"price":"0.71","size":"897"},{"price":"0.72","size":"899.55"},{"price":"0.73","size":"912"},{"price":"0.74","size":"1270.97"},{"price":"0.75","size":"722.5"},{"price":"0.76","size":"912.05"},{"price":"0.77","size":"748.5"},{"price":"0.78","size":"916.9"},{"price":"0.79","size":"969.5"},{"price":"0.8","size":"981.9"},{"price":"0.81","size":"798.21"},{"price":"0.82","size":"671"},{"price":"0.83","size":"759.52"},{"price":"0.84","size":"196"},{"price":"0.85","size":"194.99"},{"price":"0.86","size":"1333.13"},{"price":"0.87","size":"415.5"}],"asks":[{"price":"0.99","size":"10157.67"},{"price":"0.98","size":"6299.77"},{"price":"0.97","size":"5625.94"},{"price":"0.96","size":"5452"},{"price":"0.95","size":"3442"},{"price":"0.94","size":"1492.5"},{"price":"0.93","size":"1416.28"},{"price":"0.92","size":"1551.75"},{"price":"0.91","size":"1387"},{"price":"0.9","size":"3464.5"},{"price":"0.89","size":"1423.5"},{"price":"0.88","size":"863.25"}],"hash":"72b2dc6c7fd04a1a4635d3d3b53f27b2061bc684","timestamp":"1768250238560","event_type":"book"}}
{"schema_version":1,"source":"clob_ws_market","recv_ts_ns":1768250238608747344,"event_type":"price_change","market":"0x2a12fd3d8235c25c062dc9652970ef9f635636c4018df0909e1a51c673e125cb","server_ts_ms":1768250238562,"raw":{"market":"0x2a12fd3d8235c25c062dc9652970ef9f635636c4018df0909e1a51c673e125cb","price_changes":[{"asset_id":"63670753354844494163057275310194312729998307779831462269530137743341854359908","price":"0.88","size":"878.25","side":"SELL","hash":"1247d250e8f8fa43969315dd945ac404682b1bd2","best_bid":"0.87","best_ask":"0.88"},{"asset_id":"56386988715176239099720172290594769295756680374928571099138069977179519358166","price":"0.12","size":"878.25","side":"BUY","hash":"7a3e73d85b6f37b7404e3c7e2027a492384d6b1c","best_bid":"0.12","best_ask":"0.13"}],"timestamp":"1768250238562","event_type":"price_change"}}
{"schema_version":1,"source":"clob_ws_market","recv_ts_ns":1768250238611800693,"event_type":"price_change","market":"0x2a12fd3d8235c25c062dc9652970ef9f635636c4018df0909e1a51c673e125cb","server_ts_ms":1768250238563,"raw":{"market":"0x2a12fd3d8235c25c062dc9652970ef9f635636c4018df0909e1a51c673e125cb","price_changes":[{"asset_id":"63670753354844494163057275310194312729998307779831462269530137743341854359908","price":"0.87","size":"410","side":"BUY","hash":"01a1ceac73f1ddc84b9a776fea958281b9d3bd2d","best_bid":"0.87","best_ask":"0.88"},{"asset_id":"56386988715176239099720172290594769295756680374928571099138069977179519358166","price":"0.13","size":"410","side":"SELL","hash":"4fe0484157000cb5de9c2dc1c24ef6debe5dd3f2","best_bid":"0.12","best_ask":"0.13"}],"timestamp":"1768250238563","event_type":"price_change"}}
{"schema_version":1,"source":"clob_ws_market","recv_ts_ns":1768250238617778887,"event_type":"last_trade_price","market":"0x2a12fd3d8235c25c062dc9652970ef9f635636c4018df0909e1a51c673e125cb","server_ts_ms":1768250238589,"raw":{"market":"0x2a12fd3d8235c25c062dc9652970ef9f635636c4018df0909e1a51c673e125cb","asset_id":"63670753354844494163057275310194312729998307779831462269530137743341854359908","price":"0.88","size":"1.227266","fee_rate_bps":"1000","side":"BUY","timestamp":"1768250238589","event_type":"last_trade_price","transaction_hash":"0x972df635ab9ada03245a5ac0ceed105e69ee6963b6fa77315ad75069547a13d7"}}
{"schema_version":1,"source":"clob_ws_market","recv_ts_ns":1768250238625051505,"event_type":"price_change","market":"0x2a12fd3d8235c25c062dc9652970ef9f635636c4018df0909e1a51c673e125cb","server_ts_ms":1768250238600,"raw":{"market":"0x2a12fd3d8235c25c062dc9652970ef9f635636c4018df0909e1a51c673e125cb","price_changes":[{"asset_id":"63670753354844494163057275310194312729998307779831462269530137743341854359908","price":"0.86","size":"1338.63","side":"BUY","hash":"3d8ade05c24b58d37b919ed6ad447f421bfff913","best_bid":"0.87","best_ask":"0.88"},{"asset_id":"56386988715176239099720172290594769295756680374928571099138069977179519358166","price":"0.14","size":"1338.63","side":"SELL","hash":"3da635d41f37fe7beb0855d82be8285d555db3ac","best_bid":"0.12","best_ask":"0.13"}],"timestamp":"1768250238600","event_type":"price_change"}}
{"schema_version":1,"source":"clob_ws_market","recv_ts_ns":1768250238789024947,"event_type":"price_change","market":"0x2a12fd3d8235c25c062dc9652970ef9f635636c4018df0909e1a51c673e125cb","server_ts_ms":1768250238741,"raw":{"market":"0x2a12fd3d8235c25c062dc9652970ef9f635636c4018df0909e1a51c673e125cb","price_changes":[{"asset_id":"63670753354844494163057275310194312729998307779831462269530137743341854359908","price":"0.83","size":"669.52","side":"BUY","hash":"373d3de8e467fd77499bf2fd18d5ee371a43015b","best_bid":"0.87","best_ask":"0.88"},{"asset_id":"56386988715176239099720172290594769295756680374928571099138069977179519358166","price":"0.17","size":"669.52","side":"SELL","hash":"b55be9338e231030edc7b5f48d0af62880233964","best_bid":"0.12","best_ask":"0.13"}],"timestamp":"1768250238741","event_type":"price_change"}}
{"schema_version":1,"source":"clob_ws_market","recv_ts_ns":1768250238870157937,"event_type":"price_change","market":"0x2a12fd3d8235c25c062dc9652970ef9f635636c4018df0909e1a51c673e125cb","server_ts_ms":1768250238848,"raw":{"market":"0x2a12fd3d8235c25c062dc9652970ef9f635636c4018df0909e1a51c673e125cb","price_changes":[{"asset_id":"63670753354844494163057275310194312729998307779831462269530137743341854359908","price":"0.88","size":"863.25","side":"SELL","hash":"d41c88c51f5d61f66e348536563fdf76266c5fc5","best_bid":"0.87","best_ask":"0.88"},{"asset_id":"56386988715176239099720172290594769295756680374928571099138069977179519358166","price":"0.12","size":"863.25","side":"BUY","hash":"9c36168231b8c8bd37aff691645e94cdb3f13f5a","best_bid":"0.12","best_ask":"0.13"}],"timestamp":"1768250238848","event_type":"price_change"}}
{"schema_version":1,"source":"clob_ws_market","recv_ts_ns":1768250238878859297,"event_type":"price_change","market":"0x2a12fd3d8235c25c062dc9652970ef9f635636c4018df0909e1a51c673e125cb","server_ts_ms":1768250238857,"raw":{"market":"0x2a12fd3d8235c25c062dc9652970ef9f635636c4018df0909e1a51c673e125cb","price_changes":[{"asset_id":"63670753354844494163057275310194312729998307779831462269530137743341854359908","price":"0.86","size":"1187.63","side":"BUY","hash":"82561bdcc98e22addee1d143e0301690a464210a","best_bid":"0.87","best_ask":"0.88"},{"asset_id":"56386988715176239099720172290594769295756680374928571099138069977179519358166","price":"0.14","size":"1187.63","side":"SELL","hash":"fa549b72f58a0a00df57216d60103fb1b3fa31fd","best_bid":"0.12","best_ask":"0.13"}],"timestamp":"1768250238857","event_type":"price_change"}}
{"schema_version":1,"source":"clob_ws_market","recv_ts_ns":1768250238995880528,"event_type":"price_change","market":"0x2a12fd3d8235c25c062dc9652970ef9f635636c4018df0909e1a51c673e125cb","server_ts_ms":1768250238968,"raw":{"market":"0x2a12fd3d8235c25c062dc9652970ef9f635636c4018df0909e1a51c673e125cb","price_changes":[{"asset_id":"63670753354844494163057275310194312729998307779831462269530137743341854359908","price":"0.82","size":"761","side":"BUY","hash":"240b1b7f4553d97f81da7c1af4b10a0ca19e7d30","best_bid":"0.87","best_ask":"0.88"},{"asset_id":"56386988715176239099720172290594769295756680374928571099138069977179519358166","price":"0.18","size":"761","side":"SELL","hash":"674f878727cab9d80efc82ddd4ce6d1cfe685fe6","best_bid":"0.12","best_ask":"0.13"}],"timestamp":"1768250238968","event_type":"price_change"}}
{"schema_version":1,"source":"clob_ws_market","recv_ts_ns":1768250239022351644,"event_type":"best_bid_ask","market":"0x2a12fd3d8235c25c062dc9652970ef9f635636c4018df0909e1a51c673e125cb","server_ts_ms":1768250238991,"raw":{"market":"0x2a12fd3d8235c25c062dc9652970ef9f635636c4018df0909e1a51c673e125cb","asset_id":"63670753354844494163057275310194312729998307779831462269530137743341854359908","best_bid":"0.87","best_ask":"0.88","spread":"0.01","timestamp":"1768250238991","event_type":"best_bid_ask"}}
{"schema_version":1,"source":"clob_ws_market","recv_ts_ns":1768250239024489231,"event_type":"price_change","market":"0x2a12fd3d8235c25c062dc9652970ef9f635636c4018df0909e1a51c673e125cb","server_ts_ms":1768250238989,"raw":{"market":"0x2a12fd3d8235c25c062dc9652970ef9f635636c4018df0909e1a51c673e125cb","price_changes":[{"asset_id":"63670753354844494163057275310194312729998307779831462269530137743341854359908","price":"0.87","size":"401.53","side":"BUY","hash":"45aa32ba6dc19bef155b8249d818c54b45a474f7","best_bid":"0.87","best_ask":"0.88"},{"asset_id":"56386988715176239099720172290594769295756680374928571099138069977179519358166","price":"0.13","size":"401.53","side":"SELL","hash":"0340b868950265ba7d71ac6c9d131e6d14738f96","best_bid":"0.12","best_ask":"0.13"}],"timestamp":"1768250238989","event_type":"price_change"}}
